3275 5167
616 445 795 509 -113-

93 634 161 711 tur,
211 628 270 698 sed
325 629 444 698 inania
497 630 608 720 plebis
657 630 763 699 verba
815 630 965 700 referens
1013 630 1089 700 vult
1133 631 1316 702 Nicolaum
1384 716 1390 726 Δ

93 789 241 857 Poussin
266 758 375 880 quum
414 789 569 859 tabulam
608 812 707 858 suam
736 794 970 881 componeret,
1007 791 1048 860 de
1090 793 1145 859 his
1177 791 1316 883 ineptiis

93 949 280 1019 curavisse.
327 950 519 1020 Fatendum
562 972 645 1042 ergo
692 955 744 1019 est
794 952 889 1021 hune
939 951 1104 1021 eximium
1149 952 1317 1043 pictorem

93 1110 374 1180 commentatoris
404 1133 588 1202 personam
618 1112 763 1203 turpiter
795 1112 919 1204 egisse.

136 1272 215 1341 Non
235 1271 349 1341 solnm
392 1272 581 1360 coloribus,
628 1277 668 1342 ut
710 1272 897 1342 Christiani
943 1296 1042 1342 saara
1084 1273 1314 1360 instituentes,

93 1432 385 1525 significationem
410 1434 485 1524 ejus
509 1434 604 1502 modi
629 1434 762 1519 tribuit,
784 1435 844 1504 sed
868 1435 970 1503 etism
999 1433 1166 1525 graphide
1183 1460 1199 1498 n
1219 1434 1316 1504 theo-

93 1593 228 1685 logiam
265 1599 399 1663 mutam
442 1618 460 1664 a
490 1595 636 1685 exprimi
673 1596 872 1665 arbitratur.
906 1596 1025 1686 ltaque
1067 1598 1100 1664 et
1132 1615 1316 1664 numerum

91 1754 286 1847 figurarum
320 1761 355 1824 et
381 1756 634 1826 diversissimos
668 1779 853 1847 corporum
888 1757 1025 1826 habitus
1064 1756 1183 1826 eodem
1216 1755 1320 1824 modo

93 1937 165 2006 quo
220 1916 376 1987 oolorum
426 1916 631 1986 electionem
675 1920 919 2009 interpretatus
971 1921 1032 2024 est.
1069 1918 1121 1985 Ne
1170 1917 1317 2005 mireris,

92 2077 122 2145 si
152 2078 281 2149 Paulus
309 2078 531 2170 apostolusa
567 2078 679 2148 trihus
717 2079 861 2169 angelis,
904 2102 975 2147 non
1025 2102 1045 2146 a
1087 2078 1224 2148 duobus
1264 2078 1320 2146 vel

95 2243 247 2329 quatuor
293 2239 459 2330 rapitur3
514 2262 594 2309 nam
641 2240 708 2309 hoo
751 2262 895 2310 numero
942 2240 1105 2308 Nioolads
1158 2238 1317 2323 Poussin,

92 2422 221 2492 parum
263 2399 442 2491 graphidis
488 2407 548 2469 ant
596 2401 747 2491 partium
790 2400 1027 2492 dispositionis
1067 2398 1322 2490 pulchritudini

92 2561 290 2643 attendens,
316 2560 462 2652 triplicis
504 2562 624 2653 gratiae
670 2562 910 2652 adjumentum
956 2584 1025 2651 quo
1055 2561 1097 2630 ad
1142 2560 1321 2630 veritatem

94 2721 270 2791 adductus
303 2726 357 2789 est
393 2722 522 2791 Paulus
560 2722 714 2790 imitatus
759 2727 811 2791 est
839 2724 901 2813 (l).
936 2721 1016 2789 Tria
1057 2722 1150 2791 enim
1201 2721 1321 2814 gratim

91 2904 225 2974 genera
259 2866 341 2951 sunt
365 2903 442 2972 quae
468 2881 581 2973 angeli
619 2882 817 2951 diversitate
841 2904 906 2950 sua
932 2880 1105 2965 reddunt;
1142 2903 1248 2972 quare
1281 2903 1322 2949 ex

91 3045 172 3133 ipsa
201 3042 439 3111 membrorum
468 3043 641 3133 positione
666 3042 884 3133 intellegetur
911 3064 987 3133 quae
1011 3042 1122 3133 gratia
1150 3040 1321 3132 apiotore

97 3224 262 3293 expressa
290 3202 345 3272 sit.
384 3205 473 3273 Nam
502 3229 520 3269 a
549 3204 583 3272 la
618 3207 721 3295 gratos
758 3226 825 3295 que
859 3203 908 3272 les
954 3203 1171 3293 theologiens
1206 3200 1322 3292 appel-

93 3364 171 3432 lent
199 3367 408 3455 prdvenante
440 3368 474 3433 et
502 3364 641 3433 efficaoe
669 3367 763 3433 etant
800 3366 897 3433 toute
936 3363 1023 3432 forte
1066 3367 1098 3431 et
1128 3363 1318 3453 puissante,

96 3528 146 3596 M.
182 3527 215 3595 le
243 3526 405 3612 Poussin‚
433 3547 524 3616 pour
554 3548 598 3593 en
630 3530 846 3615 representes
874 3526 908 3593 la
948 3525 1054 3612 force,
1092 3546 1111 3592 a
1148 3522 1245 3613 point
1273 3544 1323 3592 un

97 3689 205 3779 jeune
233 3688 408 3756 hommme
441 3686 582 3755 robuste
615 3685 675 3777 qui
706 3685 777 3754 >fait
803 3708 872 3756 une
912 3685 1027 3754 aetion
1056 3684 1206 3753 violente
1234 3704 1323 3774 pour

96 3848 238 3918 enlever
291 3848 323 3916 le
379 3845 471 3915 saint
520 3846 604 3937 qu'il
649 3846 800 3915 soutient
827 3868 856 3915 a.
910 3845 1001 3927 Quid
1052 3826 1169 3913 autem
1219 3841 1323 3912 aeteri

97 4008 285 4099 angelil«
315 4007 362 4077 Le
391 4007 519 4077 second
552 4030 640 4099 ange
684 4009 744 4097 qui
775 4010 886 4099 parsit
924 4006 1011 4075 dans
1044 4006 1187 4074 l'ombra
1212 4004 1323 4096 figure

155 4553 201 4632 (1)
217 4581 231 4613 α
246 4553 306 4615 Les
321 4554 400 4613 trois
415 4502 514 4627 anges
528 4551 582 4625 qui
600 4549 722 4607 elevent
734 4544 913 4605 saint-Paul
927 4546 1060 4619 figurent
1073 4542 1151 4599 trois
1165 4542 1325 4599 differente

99 4659 186 4717 dtats
209 4657 250 4714 de
263 4657 295 4714 la
309 4658 403 4730 grece
419 4673 444 4708 a.

258 4773 260 4776 ⁵
1188 4768 1208 4829 8
