3275 5167
520 512 522 514 ι
631 422 811 486 -119-

100 608 131 676 si
143 632 202 677 res
217 608 318 676 altius
333 608 559 699 introspicere
577 607 676 692 velis,
688 606 783 675 illam
799 607 1019 675 deterrimam
1040 629 1159 675 eorum
1183 608 1329 677 formam

102 796 123 837 a
143 769 269 839 Carolo
287 772 335 837 Le
363 771 459 838 Brun
483 775 643 861 paratam,
667 791 741 837 esse
771 769 945 855 fateberiS,
964 769 1067 837 simul
1088 792 1127 836 ac
1143 770 1332 838 constituta
1365 718 1367 723 Δ

101 935 158 999 est
175 935 208 999 et
223 930 373 999 accrevit
388 930 587 999 Academia.
601 931 650 997 Ea
670 952 807 1020 quoque
827 930 890 997 fuit
906 929 1054 997 Ministri
1069 930 1171 1019 Regis
1193 929 1331 999 Colbert

102 1096 139 1159 et
154 1090 249 1159 illius
267 1091 476 1181 conspiratio
507 1091 543 1157 in
573 1090 628 1157 his
661 1090 968 1159 exercitationibus
997 1111 1088 1157 anno
1109 1089 1332 1161 MDCLXVll

102 1252 235 1319 iterum
250 1251 451 1319 instauratis
466 1256 504 1319 ut
528 1250 687 1318 arbitrari
715 1249 818 1319 liceat
845 1250 1012 1340 pictorem
1027 1272 1137 1318 unum
1157 1254 1334 1319 auctorem

104 1411 159 1479 rei
178 1410 357 1481 luisse.'Si
378 1416 506 1495 tamen,
523 1411 616 1501 quod
636 1410 845 1480 documenta
862 1410 956 1479 haud
983 1410 1166 1479 abnuenda
1193 1412 1333 1496 absunt,

105 1572 247 1641 dubites
262 1594 305 1641 ue
325 1572 418 1640 illius
432 1572 516 1640 vitio
533 1571 705 1661 colloquia
719 1572 768 1640 sic
784 1572 942 1640 instituta
954 1571 1035 1657 sint,
1058 1571 1140 1639 satis
1159 1573 1225 1639 erit
1236 1571 1331 1639 illius

105 1734 297 1817 orationes,
309 1733 410 1801 etiam
426 1734 567 1816 cursim,
581 1732 736 1802 evolvere
751 1738 790 1802 ut
801 1733 915 1801 statim
924 1738 1038 1823 pateat
1053 1736 1223 1823 quatenus
1245 1736 1335 1800 artes

107 1894 274 1963 extollere
283 1895 427 1985 cupiens
445 1894 624 1964 minuerit.

157 2056 293 2124 Etenim
314 2077 449 2145 semper
469 2054 672 2145 dignitatem
693 2060 726 2124 et
745 2055 928 2123 elationem
948 2056 1062 2146 potius
1082 2078 1185 2145 quam
1205 2056 1339 2145 simpli-

109 2218 252 2286 citatem
273 2219 306 2283 et
328 2214 509 2283 veritatem
531 2219 745 2304 persecutus,
767 2214 955 2304 discipulos
976 2215 1120 2284 adduxit
1137 2213 1181 2282 ad
1197 2216 1338 2285 affectus

108 2376 231 2443 inflate
272 2373 513 2464 exprimendos
539 2396 689 2463 quorum
709 2372 782 2463 ipse
821 2375 1031 2464 exemplaria
1055 2376 1091 2442 in
1113 2374 1238 2444 libellis
1264 2377 1337 2445 suis

109 2537 262 2629 praebuit
279 2559 287 2619 ;
304 2535 428 2615 deinde
443 2534 643 2603 existimans
658 2539 790 2604 veteres
814 2534 961 2604 artifices
984 2537 1104 2605 ceteris
1120 2538 1335 2627 praetistisse,

111 2720 232 2767 rerum
266 2696 392 2786 quibus
412 2695 668 2764 circumdamur
698 2696 925 2764 imitationem
960 2697 1135 2765 contemni
1164 2698 1275 2768 voluit
1299 2704 1339 2767 ut

111 2859 175 2926 illa
190 2855 433 2926 intellectualis
450 2861 483 2924 et
496 2856 622 2942 verior,
639 2860 678 2923 ut
693 2858 724 2924 ei
743 2857 858 2925 visum
875 2861 937 2939 est,
961 2861 1098 2941 natura,
1125 2859 1167 2925 ab
1188 2860 1338 2948 antiquis

113 3017 352 3108 sculptoribus
369 3038 620 3105 expressa,una
633 3016 854 3101 redderetur;
872 3016 1011 3084 tandem
1028 3018 1140 3085 nitens
1151 3026 1190 3085 ut
1204 3018 1341 3108 pictura
1427 3092 1429 3096 ,

115 3179 236 3247 omnia
274 3178 549 3267 amplecteretur,
584 3182 744 3266 poemata
776 3177 950 3246 coloribus
981 3178 1220 3267 componenda
1253 3201 1339 3265 esse,

113 3339 172 3407 vel
192 3340 296 3407 etiam
316 3337 586 3428 philosophiam,
604 3342 662 3405 aut
677 3336 898 3421 medicinam,
916 3343 976 3406 aut
991 3295 1203 3429 theologiam
1235 3339 1342 3407 artili-

117 3500 218 3569 cibus
246 3498 463 3567 tractandam
491 3497 635 3589 putavit.
670 3498 717 3565 At
748 3499 914 3587 quoniam
943 3500 1151 3590 scriptorum
1181 3500 1341 3585 virtuteS,

118 3660 275 3749 exemplo
308 3657 448 3748 quidem
475 3658 610 3726 Nicolat
640 3659 787 3727 Poussin
815 3682 913 3745 usus,
947 3660 1120 3749 pictorum
1157 3660 1344 3729 virtutibus
1468 3748 1470 3751 Ι

119 3821 330 3911 anteposuit,
371 3820 444 3911 jam
482 3779 695 3887 litterarum
719 3818 831 3904 rudis,
871 3819 1047 3910 propriam
1098 3842 1197 3888 suam
1235 3824 1343 3889 artem
1372 3797 1376 3806 ⁵

27 4058 30 4063 ,
121 3982 292 4072 oppressit
307 3985 340 4049 et
353 3980 491 4050 minuit.
510 3981 628 4069 ltaque
648 3979 890 4081 contendimus
903 3979 933 4047 ei
950 3974 992 4046 ad
1009 3979 1131 4047 altiora
1146 3984 1178 4047 et
1188 3981 1345 4049 recondi-

121 4144 210 4210 tiora
225 4142 394 4232 spectanti
409 4163 464 4208 res
484 4140 571 4231 male
586 4139 806 4207 successisse.

165 4302 446 4386 Attamen,dicet
475 4300 611 4389 aliquis,
637 4300 700 4368 bic
714 4300 865 4391 inclytus
885 4301 1018 4385 artifex,
1044 4301 1225 4391 praeceptis
1266 4323 1343 4390 quae

123 4464 308 4533 meditatus
333 4468 405 4530 erat
429 4462 503 4551 ipse
525 4483 662 4550 parenS,
689 4460 938 4549 perfectissima
960 4483 1063 4550 opera
1087 4462 1218 4548 edidit;
1254 4464 1347 4533 unde

119 4627 193 4717 jem
226 4623 414 4693 asseverari
451 4625 564 4711 potest
600 4620 664 4688 ¹illa
692 4625 864 4711 praecepta
897 4621 1028 4710 optima
1065 4622 1182 4691 fuisse.
1214 4622 1350 4705 Quibus
