3275 5167
904 473 1062 535 ..54-

369 658 453 725 satis
468 662 520 726 est
545 657 636 725 hanc
654 655 923 747 pulchritudinis
952 657 1063 748 legem
1085 658 1127 725 ab
1154 656 1214 725 illo
1236 663 1415 749 acceptam
1441 661 1473 725 et
1498 679 1568 726 con-

369 819 565 888 mendatam
597 817 704 887 fuisse
733 818 1035 888 demonstravisse.

412 981 460 1049 At
482 980 512 1048 si
545 1002 621 1070 quae
658 978 702 1047 sit
741 978 888 1047 imitatio
927 979 1004 1070 ejus
1047 985 1179 1049 naturae
1215 981 1272 1050 cui
1307 980 1425 1049 studet
1451 978 1569 1048 Carolus

370 1144 417 1213 Le
446 1142 544 1211 Brun
587 1140 754 1231 requiras,
796 1139 896 1209 facile
939 1140 1066 1209 senties
1113 1164 1189 1209 eam
1237 1162 1278 1209 ex
1315 1141 1431 1209 verbis
1476 1139 1568 1229 potius

368 1324 472 1393 quam
519 1323 560 1369 ax
603 1322 640 1369 re
687 1303 857 1369 constare.
908 1300 1042 1369 Etenim
1081 1306 1115 1369 et
1157 1300 1292 1369 tabulas
1346 1300 1441 1369 illius
1485 1298 1570 1367 aetatis

367 1461 528 1547 intuenti,
558 1465 592 1530 et
632 1459 758 1551 scripta
797 1482 816 1527 a
852 1460 996 1528 Nicolao
1038 1460 1183 1529 Poussin
1225 1459 1280 1529 vel
1322 1484 1343 1527 a
1384 1458 1505 1529 Carolo
1538 1458 1571 1525 Le

368 1624 463 1691 Brun
498 1621 552 1691 vel
588 1644 607 1689 a
640 1620 764 1711 quovis
793 1620 861 1689 alio
898 1620 1106 1689 Academico
1142 1620 1269 1713 legenti
1299 1621 1419 1690 statim
1451 1623 1569 1710 apparet

369 1781 457 1849 nihil
513 1781 725 1849 contrarium
779 1781 834 1850 vel
882 1781 1081 1873 oppositum
1128 1785 1260 1851 naturae
1315 1782 1476 1851 effectum
1525 1784 1569 1847 aut

367 1946 577 2033 praeceptum
620 1963 707 2027 asse,
746 1940 804 2009 sed
852 1963 906 2010 res
947 1964 1023 2031 quae
1062 1941 1187 2011 cotidie
1219 1943 1263 2010 ab
1315 1942 1481 2012 omnibus
1514 1939 1571 2007 ads-

367 2101 436 2193 pici
476 2104 623 2192 possunt
673 2101 929 2170 accuratissime
975 2124 1016 2169 ex
1072 2102 1234 2193 operibus
1289 2101 1454 2192 depulsas
1505 2122 1570 2169 esse.

369 2260 567 2329 Academici
601 2260 740 2350 quidem
777 2262 820 2330 de
858 2260 1048 2331 imitatione
1091 2267 1223 2330 naturae
1274 2284 1354 2331 cum
1401 2262 1571 2330 imitatione
1617 2250 1618 2253 ¹

368 2421 582 2511 antiquitatis
611 2421 735 2490 collata
767 2422 984 2513 disputantes
1027 2423 1270 2491 asseverabant
1304 2446 1319 2489 r
1359 2425 1465 2512 qu’en
1500 2422 1572 2489 l'une

367 2586 401 2650 et
430 2604 473 2650 en
492 2582 613 2650 l'autre
640 2604 686 2650 on
707 2582 786 2651 etait
821 2581 935 2672 oblige
972 2583 1014 2651 de
1047 2583 1252 2674 s'assujettir
1294 2590 1314 2650 a
1348 2584 1467 2653 imiter
1496 2602 1572 2651 exac-

368 2745 497 2811 temeut
525 2765 573 2810 un
614 2741 708 2833 objet
750 2764 842 2832 pour
887 2764 930 2811 en
980 2742 1152 2812 recueillir
1199 2742 1229 2811 le
1263 2744 1348 2812 fruit
1393 2746 1500 2833 qn’on
1542 2762 1572 2807 en

367 2903 490 2988 desire,
525 2906 559 2970 et
587 2902 776 2971 s'habituer
808 2901 891 2970 l’oeil
921 2907 953 2971 et
991 2902 1025 2970 la
1060 2903 1153 2970 main
1188 2909 1208 2969 a
1249 2903 1282 2969 la
1321 2903 1473 2993 justesse
1504 2907 1533 2970 et
1560 2905 1573 2964 t

367 3063 400 3131 la
431 3063 616 3154 precision‚
650 3085 688 3131 ce
712 3063 772 3152 qui
805 3066 856 3131 est
887 3062 918 3131 le
951 3063 1152 3132 londement
1182 3063 1223 3131 de
1259 3062 1292 3131 la
1317 3062 1572 3153 peinturetll).

414 3223 480 3291 Sed
504 3223 678 3292 neminem
704 3222 793 3314 fugit
814 3248 829 3290 a
850 3222 916 3290 hoc
931 3222 1142 3314 principium
1161 3223 1306 3313 pieturae
1328 3246 1342 3288 u
1368 3246 1442 3290 non
1461 3241 1573 3310 semper

369 3387 403 3451 et
440 3382 568 3472 ubique
615 3383 804 3450 artificibus
848 3382 1064 3472 peritissimis
1107 3384 1150 3471 (si
1191 3383 1389 3452 Academiae
1421 3379 1572 3467 confidas)

368 3544 558 3613 tenendum
590 3547 624 3611 et
655 3519 864 3612 servandum
907 3565 997 3626 esse;
1031 3544 1085 3612 vel
1127 3545 1243 3634 potius
1279 3545 1322 3612 ad
1359 3546 1495 3635 majora
1528 3540 1574 3609 niti

370 3707 517 3793 oportet.
545 3700 696 3790 Simplex
720 3702 815 3770 eninr
846 3704 962 3793 imago
992 3726 1107 3772 rerum
1138 3725 1262 3793 parum
1290 3702 1402 3793 placet
1433 3700 1574 3773 doctissi-

370 3864 435 3930 mis
454 3861 557 3947 viris;
590 3861 619 3928 si
647 3861 682 3928 in
709 3861 889 3953 pulchrius
921 3869 1113 3954 augeantur
1146 3869 1179 3931 et
1207 3864 1467 3954 quodammodo
1496 3884 1573 3931 conr-

369 4029 559 4109 mutentur,
602 4039 691 4092 verae
733 4030 848 4092 tamen
891 4032 972 4094 sunt
1009 4032 1042 4095 et
1074 4032 1233 4095 naturam
1273 4025 1436 4094 reddunt.
1474 4029 1573 4114 ltaque

411 4567 521 4639 (1)Cl.
537 4568 579 4622 H.
599 4567 748 4622 Testelin.
769 4567 1005 4625 sentimenta...
1024 4570 1173 4627 Diseours
1190 4589 1243 4627 sur
1264 4572 1383 4644 l’usage
1408 4574 1454 4631 du
1474 4575 1541 4631 trait
1553 4576 1574 4626 et

367 4665 410 4720 du
423 4665 541 4721 desem.
