3275 5167
852 489 1031 552 -118-

375 675 533 757 Quomm
576 696 733 743 errorum
784 697 909 761 causae,
955 698 1032 743 mea
1059 672 1200 764 quidem
1233 674 1418 761 sententia,
1450 673 1543 741 ambe

331 840 441 904 sunt:
470 840 504 902 et
524 857 601 903 mos
630 834 885 926 colloquiorum
912 836 948 904 in
976 836 1164 905 Academia
1198 840 1442 903 consertorum
1462 834 1546 902 incu-

332 994 461 1062 sandus
475 999 539 1076 est,
559 998 593 1061 et
605 996 786 1085 proprium
797 996 1038 1085 privatumque
1055 995 1170 1063 Caroli
1186 996 1234 1064 Le
1249 996 1347 1063 Brun
1365 994 1544 1085 ingenium.

330 1156 431 1241 Nam,
462 1177 660 1246 quanquam
691 1155 871 1247 graphidis
899 1162 934 1225 et
962 1156 1120 1225 colorum
1142 1156 1302 1246 quaedam
1337 1155 1481 1224 scientia
1506 1157 1548 1221 est

1030 1264 1048 1291 .

331 1315 374 1383 de
405 1336 474 1403 qua
506 1315 654 1384 artifices
679 1316 770 1385 inter
802 1338 840 1385 se
874 1316 1051 1407 disputare
1072 1321 1233 1408 possunt,
1271 1315 1393 1385 nullus
1426 1315 1549 1403 estqui

332 1476 517 1546 arbitretur
539 1477 768 1546 Academicos
784 1477 850 1544 hac
879 1476 1021 1546 materie
1045 1500 1202 1568 unquam
1227 1482 1413 1547 contentos
1443 1476 1548 1543 luisse.

333 1638 401 1707 Seu
416 1636 632 1707 audientium
651 1660 752 1706 aures
780 1643 814 1706 et
829 1638 967 1707 animos
982 1639 1135 1707 novitate
1147 1638 1265 1728 aliqua
1279 1638 1346 1706 sibi
1369 1638 1552 1707 adsciscere

332 1798 518 1883 voluerint,
535 1822 596 1867 seu
626 1820 742 1867 coram
778 1799 909 1890 populo
943 1800 1123 1889 loquentes
1144 1820 1199 1867 res
1225 1822 1303 1888 quae
1330 1799 1374 1867 ab
1402 1797 1551 1866 omnibus

332 1960 614 2051 intellegerentur
646 1964 794 2028 tractare
829 1960 1000 2049 cupierint
1027 1981 1091 2050 pro
1120 1958 1372 2050 quaestionibus
1407 1956 1452 2026 ad
1483 1978 1552 2047 gra-

333 2121 450 2214 phidis
478 2121 702 2211 colorumque
731 2143 835 2189 usum
870 2120 1134 2211 pertinentibus
1177 2119 1421 2188 contentiones
1456 2140 1554 2187 asua

335 2286 407 2369 arte
444 2281 573 2349 alienas
613 2286 647 2348 et
677 2280 722 2348 ad
763 2280 980 2349 nobilitatem
1018 2281 1292 2371 dignitatemque
1331 2302 1405 2347 non
1455 2278 1555 2347 solum

335 2442 478 2534 picturae
511 2446 545 2509 et
581 2441 780 2532 sculpturae,
825 2439 885 2509 sed
934 2442 1038 2509 etiam
1086 2440 1290 2531 quorumvis
1330 2441 1554 2509 humanarum

337 2602 464 2670 artium
509 2605 736 2691 spectancteS,
773 2601 955 2707 rhetorum
991 2600 1108 2685 modo,
1154 2599 1426 2670 suscitaverunt.
1450 2601 1556 2689 ltaque
1632 2673 1633 2676 Ἴ

335 2762 501 2853 quoniam
533 2761 716 2830 doctorum
756 2761 912 2830 virorum
954 2762 1082 2830 lamam
1122 2783 1292 2851 usurpare
1331 2763 1554 2843 tentaverunt,

336 2933 463 2995 temere
490 2925 532 2993 de
570 2923 665 2992 omni
701 2944 739 2991 re
779 2922 940 2991 dixerunt
972 2947 979 2991 :
1008 2945 1081 2989 non
1108 2921 1151 2990 ad
1176 2944 1288 2991 uuum
1314 2921 1557 3012 discipulorum

338 3088 544 3179 profectum,
565 3084 624 3151 sed
646 3083 690 3149 ad
709 3082 942 3172 eloquentiam
965 3087 1024 3149 aut
1047 3082 1089 3150 ad
1115 3081 1375 3173 philosophiam
1400 3086 1558 3150 conantes

340 3247 568 3317 Academicos
594 3243 767 3333 colloquia
797 3247 1039 3333 corruperunt,
1069 3243 1262 3333 praesertim
1293 3265 1403 3333 quum
1429 3262 1559 3310 necesse

340 3412 431 3476 esset
449 3429 510 3474 eos
533 3411 705 3495 praecepta
728 3427 745 3471 e
770 3404 1063 3493 disputationibus
1097 3402 1270 3493 colligere.
1306 3404 1396 3471 Nam
1411 3403 1473 3470 illa
1493 3423 1560 3491 quae

342 3571 378 3637 in
407 3567 529 3636 schola
552 3565 741 3656 discipulos
764 3566 936 3634 docebant
967 3570 1204 3655 aspernantes
1235 3563 1560 3633 commendaverunt

343 3754 402 3801 eas
428 3729 573 3798 virtutes
602 3750 679 3817 quae
712 3749 784 3794 non
813 3749 831 3794 e
856 3726 1053 3815 disciplina,
1071 3725 1131 3794 sed
1147 3747 1166 3793 e
1182 3726 1353 3816 cujusque
1382 3730 1506 3794 natura
1532 3725 1560 3789 et

343 3891 484 3981 ingenio
513 3887 681 3981 pendent.
702 3888 817 3970 Quare
846 3891 1031 3977 postquam
1059 3886 1183 3955 iisdem
1217 3887 1397 3978 praeceptis
1433 3906 1557 3964 omnes,

344 4052 502 4143 quamvis
539 4048 806 4128 diversissimos
853 4048 926 4137 regi
965 4050 1000 4114 et
1032 4047 1188 4115 cohiberi
1224 4046 1415 4115 Academia
1442 4042 1556 4124 voluit,

345 4212 518 4303 colloquia
536 4211 734 4279 hocerrore
758 4208 879 4275 vitiata
899 4230 919 4273 a
938 4206 1040 4275 rectis
1059 4212 1093 4275 et
1112 4206 1254 4276 utilibus
1274 4203 1558 4296 disputationibus

344 4398 481 4467 semper
495 4374 740 4442 discesserunt.

390 4534 588 4602 Fatebimur
606 4538 722 4597 tamen
747 4526 862 4595 Caroli
890 4529 936 4595 Le
959 4530 1056 4595 Brun
1077 4529 1256 4619 ingenium
1271 4528 1484 4619 perseipsum
1511 4522 1557 4589 his

349 4692 602 4780 colloquiorum
631 4686 895 4754 condicionibus
931 4687 1102 4755 funestius
1117 4689 1251 4757 artibus
1272 4688 1392 4757 luisse.
1420 4685 1557 4765 Etenim,
