3275 5167
565 492 753 553 ..17-

44 673 178 743 ratione
217 678 317 743 utens
352 678 385 743 et
417 674 599 745 dulcedine
633 675 796 765 quadam,
822 675 1001 765 imposuit.
1029 675 1181 744 Tandem
1206 674 1275 743 col-

44 833 175 923 loquia,
216 839 256 903 ut
285 834 444 925 graviora
479 840 604 922 essent,
644 835 762 922 semel,
798 858 868 905 non
892 836 966 928 jam
1000 837 1054 905 bis
1095 837 1132 904 in
1159 858 1275 905 mense

45 993 165 1062 haberi
197 994 318 1065 voluit.

88 1155 257 1223 Attamen
286 1156 397 1247 magis
426 1178 444 1225 e
472 1156 665 1225 constantia
693 1156 941 1248 vigilantiaque
970 1180 1040 1247 qua
1070 1161 1276 1247 prosecutus

45 1319 97 1382 est
132 1316 311 1407 colloquia
351 1339 455 1407 quam
498 1341 539 1387 ex
581 1317 702 1388 edictis
750 1318 877 1408 quibus
923 1318 1103 1409 suscripsit
1144 1322 1279 1388 constet

46 1477 254 1545 restauratio
288 1500 393 1567 quam
420 1479 531 1547 effecit
555 1478 705 1549 Colbert.
738 1479 875 1547 Etenim
912 1478 1026 1547 bisin
1054 1478 1278 1549 Academiam

45 1657 135 1703 anno
171 1636 396 1707 MDCLXVll
425 1638 532 1725 venit,
564 1660 805 1729 necunquam
833 1639 980 1709 discedit
1005 1640 1072 1708 nisi
1114 1640 1278 1709 exercita-

45 1796 138 1864 tione
179 1796 433 1887 colloquiorum
462 1798 588 1868 iterum
616 1800 817 1890 praescripta
843 1822 851 1883 ;
882 1804 916 1869 61
957 1800 1148 1891 praesertlm
1188 1822 1282 1868 com·

47 1957 191 2026 mandat
226 1957 281 2027 vel
318 1960 434 2049 potius
463 1960 612 2050 imperat
644 1960 778 2030 tabulas
812 1960 928 2052 Regia,
957 1965 996 2030 ut
1029 1961 1071 2029 de
1103 1961 1147 2028 iis
1176 1959 1282 2029 disse·

46 2125 154 2207 ratur,
187 2120 252 2189 sub
299 2119 419 2189 oculos
459 2120 672 2190 audientium
713 2124 796 2212 poni
831 2122 891 2215 (t).
920 2122 1056 2191 Paucos
1094 2127 1172 2213 post
1208 2120 1280 2190 dies

47 2303 153 2371 quam
181 2280 476 2372 decreveratque
507 2282 612 2350 modo
647 2288 832 2373 agerentur
859 2283 1043 2373 colloquia,
1074 2282 1147 2372 ipse
1177 2281 1282 2372 jussit

47 2440 324 2525 exercitationes,
355 2440 476 2509 Carolo
501 2442 548 2510 Le
584 2443 679 2510 Brun
726 2442 925 2533 incipiente,
970 2441 1102 2527 excoli3
1133 2445 1167 2511 et
1191 2441 1282 2511 diem

48 2605 80 2668 et
109 2600 290 2670 materiem
342 2602 507 2692 colloquii
547 2602 683 2687 indixit,
714 2604 812 2693 qussi
861 2625 1070 2694 magnopere
1107 2602 1281 2672 interfuis-

48 2764 99 2829 set
138 2760 182 2828 ad
209 2765 298 2829 artes
330 2761 367 2829 in
399 2762 617 2853 splendorem
647 2763 867 2833 collocandas
911 2763 1028 2832 statim
1067 2763 1149 2832 huic
1186 2761 1281 2853 operi

46 2921 261 2992 incumbere.
306 2923 372 2991 Vix
417 2923 545 2993 mensis
587 2946 679 2992 unus
713 2923 832 3015 lapsus
869 2929 943 2993 erat
984 2947 1092 3015 quum
1135 2922 1280 2992 Carolus

46 3082 94 3150 Le
137 3082 235 3150 Brun
273 3082 412 3171 jussum
460 3088 641 3152 exsecutus
694 3087 745 3152 cst
792 3108 799 3152 :
857 3084 950 3175 quod
988 3084 1128 3174 quidem
1165 3082 1281 3150 minus

47 3241 267 3328 mirabimur,
297 3242 339 3327 si,
366 3248 404 3311 ut
431 3244 503 3312 veri
528 3242 641 3312 simile
675 3249 739 3331 est,
762 3245 918 3313 arbitrati
935 3244 1064 3313 erimus
1084 3248 1117 3313 et
1145 3243 1284 3313 Gelbert

98 3513 145 3587 (1)
160 3512 207 3569 Cf.
219 3512 497 3581 Preces-verbenae,
511 3511 635 3585 janvier
647 3511 717 3568 1666
731 3528 739 3567 :
757 3513 829 3568 «De
839 3510 909 3584 plus
923 3510 1143 3584 Monseigncur
1154 3510 1283 3568 Colbcrt

47 3628 66 3666 a
80 3614 218 3683 propose
228 3610 268 3668 de
278 3604 351 3668 tous
360 3611 407 3668 les
420 3611 500 3667 mois
510 3610 806 3683 leirel’explication
815 3610 889 3666 d'un
902 3609 959 3665 des
968 3609 1124 3665 meilleurs
1132 3609 1283 3665 tableaux

47 3707 90 3765 du
105 3709 241 3767 Cabinct
254 3710 297 3767 du
311 3710 371 3767 Roi
385 3726 443 3782 par
457 3710 485 3766 le
500 3708 681 3781 protesscur
691 3725 729 3765 cn
741 3708 928 3765 exerciceen
937 3708 1086 3780 presence
1096 3706 1136 3763 de
1145 3707 1284 3764 l'assem·

48 3806 118 3864 6166
141 3828 165 3864 n.
182 3838 218 3849 -
232 3806 281 3864 Du
298 3814 329 3879 9θ
343 3807 423 3864 avril
439 3806 508 3880 1667
524 3824 560 3862 :«
640 3806 862 3879 Monseigncur
880 3805 1020 3863 Colbert.
1031 3848 1056 3861 ..
1075 3806 1169 3879 apres
1193 3804 1283 3861 avoir

48 3904 186 3961 entendu
199 3905 229 3962 le
241 3912 370 3978 rapport
383 3905 438 3979 qui
452 3904 497 3961 lui
512 3920 532 3960 6
546 3904 661 3961 6161611
676 3904 732 3961 des
747 3911 835 3961 actes
847 3904 887 3960 dc
898 3903 1108 3972 conferences
1120 3920 1140 3959 a
1147 3901 1284 3975 propose

49 4002 198 4060 derechef
209 4019 247 4058 eu
262 4003 446 4059 confirmant
460 4018 495 4059 ce
506 4002 581 4074 qu’il
594 4002 683 4059 avait
693 4001 849 4059 ci·devant
862 4001 1002 4058 ordonne
1014 4019 1056 4058 au
1070 4001 1150 4057 mois
1163 4001 1204 4058 de
1217 4002 1285 4074 jan-

48 4100 125 4168 vier‚
142 4102 161 4155 6
176 4082 282 4157 saveir
296 4100 336 4157 de
349 4100 424 4157 tirer
438 4101 481 4157 du
494 4100 618 4157 cabinet
631 4101 674 4157 du
687 4101 747 4158 Rei
769 4101 815 4156 les
831 4100 935 4157 beaux
950 4100 1101 4158 tableaux
1115 4099 1172 4155 des
1196 4098 1286 4155 habi-

48 4196 95 4255 les
109 4199 262 4267 hommes,
277 4214 356 4272 pour
371 4198 533 4271 expliquer
547 4215 585 4255 cn
600 4199 748 4273 presence
763 4197 802 4254 de
814 4198 847 4254 la
860 4197 1054 4271 Compagnie
1066 4206 1098 4254 et
1112 4196 1169 4253 des
1181 4197 1285 4253 eleves

50 4295 96 4351 les
109 4297 242 4353 beantes
256 4297 358 4369 quise
373 4304 616 4367 rencontreront,
631 4304 663 4353 et
677 4312 737 4369 que
751 4313 831 4368 pour
846 4297 973 4353 ceteffet
982 4296 1191 4353 MonsieurLe
1200 4295 1286 4350 Brun

53 4410 268 4451 commencera
285 4394 314 4451 16
337 4396 471 4467 premier
490 4395 611 4452 samedi
638 4394 681 4450 du
711 4394 791 4450 mois
820 4394 860 4451 de
883 4395 948 4451 mai
969 4412 1023 4451 sur
1044 4394 1074 4450 le
1095 4393 1224 4449 16616611
1246 4390 1286 4448 de

55 4491 217 4547 St-Michel
231 4491 271 4548 de
284 4492 464 4565 Rapbadl».
480 4524 513 4533 -
528 4492 647 4549 Eadem
665 4491 840 4549 referuntur
855 4493 940 4565 apud
958 4492 1126 4548 Henricum
1151 4488 1288 4546 Testelin

52 4592 118 4662 (op.
138 4597 169 4646 ct
182 4590 241 4647 loc.
260 4607 357 4663 supra
369 4590 524 4664 laudatis)
550 4598 581 4647 61
609 4590 693 4664 apud
722 4590 863 4647 Felibien
889 4590 1109 4660 (conferentes
1126 4587 1167 4645 de
1189 4586 1288 4643 l'Aca·

54 4688 170 4747 demie.
182 4726 206 4745 ..
225 4688 364 4762 pendent
377 4688 497 4746 l'annee
513 4688 592 4761 1667,
606 4689 638 4744 in
649 4688 856 4760 praefatione).
