3275 5167
854 434 1013 498 ..73-

321 613 368 682 Le
389 614 506 698 Brnn;
524 615 597 701 sed,
615 638 657 685 ue
673 639 776 707 prave
791 616 886 687 illius
905 618 1111 688 sententiam
1126 618 1321 709 intellegas,
1341 621 1458 689 statim
1479 621 1552 688 ani-

323 774 498 843 madverte
515 776 588 844 haeo
608 777 714 845 verba
728 776 845 846 addita
860 800 934 847 esse
953 801 960 847 :
987 802 1001 845 t
1019 778 1105 846 mais
1126 779 1261 849 ensuite
1277 779 1302 847 il
1317 780 1366 849 les
1384 779 1551 849 reduisait

319 935 395 1004 ala
413 937 579 1007 veritable
605 940 809 1030 proportion
830 938 970 1029 qu'elles
994 939 1153 1009 devaient
1172 941 1280 1026 avoir,
1307 946 1341 1010 et
1365 941 1552 1031 corrigeait

318 1118 382 1187 par
406 1097 437 1165 le
459 1120 600 1167 secours
620 1099 662 1168 de
683 1097 759 1167 l'art
784 1121 823 1168 oe
847 1122 913 1191 que
938 1099 970 1168 ta
998 1104 1119 1170 nature
1140 1106 1173 1171 et
1193 1100 1224 1170 ta
1244 1101 1319 1169 vrai
1340 1102 1390 1170 lui
1411 1100 1549 1170 avaient

318 1257 674 1349 montre'd'impartait
694 1260 781 1329 dans
800 1258 832 1329 le
847 1259 1024 1330 modele...
1043 1261 1169 1330 faisant
1189 1282 1322 1330 comme
1336 1282 1392 1331 ces
1413 1260 1548 1330 habiles

320 1417 480 1488 ouvriers
499 1420 559 1511 qui
576 1441 612 1488 se
627 1426 764 1491 servent
782 1420 998 1512 quelquefois
1019 1420 1059 1490 de
1079 1421 1112 1490 la
1137 1426 1258 1491 nature
1279 1444 1368 1511 pour
1392 1421 1548 1512 corriger

317 1579 407 1667 l'art,
425 1585 458 1650 et
486 1580 700 1672 quelquefois
723 1581 766 1651 de
790 1582 868 1651 l’art
893 1604 981 1673 pour
1014 1583 1167 1672 corriger
1191 1582 1224 1651 la
1257 1587 1377 1651 nature
1408 1606 1440 1653 r.
1483 1582 1545 1651 His

322 1738 414 1808 enim
427 1739 541 1809 verbis
560 1742 635 1832 ejus
648 1746 720 1811 tota
739 1742 781 1811 de
796 1743 964 1833 graphide
980 1742 1163 1834 disciplina
1179 1743 1384 1812 continetur.

365 1902 447 1969 Haeo
476 1900 616 1991 quidem
646 1903 915 1995 haudquaquam
945 1903 1211 1973 contemmenda
1239 1908 1302 1973 est.
1338 1903 1545 1993 Quanquam

319 2061 412 2130 enim
443 2061 623 2131 veritatem
652 2062 687 2131 in
720 2062 848 2132 tabulis
886 2064 1145 2134 accuratissime
1184 2062 1443 2155 exprimendam
1472 2086 1544 2131 esse

320 2222 539 2307 arbitramur,
581 2224 668 2293 nihil
703 2225 815 2293 obstat
853 2225 936 2316 quin
979 2226 1194 2295 hortationes
1244 2226 1354 2294 nostri
1404 2224 1545 2315 pictoris

319 2384 462 2454 audiens
487 2389 521 2453 et
544 2385 730 2475 accipiens,
747 2386 879 2476 peritus
905 2385 1026 2453 artifex
1045 2384 1279 2477 pulcherrima
1298 2384 1461 2475 perficiat.
1495 2384 1543 2451 Ex

319 2544 374 2613 his
396 2546 577 2635 praeceptis
607 2549 640 2614 et
656 2547 702 2614 Le
722 2546 818 2615 Brun
835 2550 868 2615 et
884 2545 1064 2637 Philippus
1080 2546 1120 2614 de
1136 2545 1370 2637 Champaigne
1390 2548 1424 2613 et
1438 2544 1542 2634 hujus

319 2704 430 2772 aetatis
449 2704 742 2795 prudentissimus
765 2705 911 2796 quisque
937 2726 978 2774 ca
1001 2729 1078 2796 quae
1104 2706 1207 2775 hodie
1223 2706 1302 2797 jure
1338 2704 1542 2796 suscipimus

319 2865 356 2933 in
376 2866 490 2935 lucem
505 2866 737 2957 protulerunt.
754 2867 873 2956 ltaque
888 2866 1013 2937 Carolo
1035 2868 1082 2935 Le
1102 2867 1198 2936 Brun
1217 2865 1434 2956 gratulemur
1451 2864 1541 2957 quod

321 3032 481 3096 naturam
513 3028 717 3096 imitandam
745 3049 821 3095 esse
848 3026 1010 3113 voluerit,
1039 3027 1168 3096 nedum
1201 3049 1308 3097 unam
1340 3024 1541 3119 elegantiam

316 3188 435 3255 fictam
446 3193 479 3256 at
493 3188 719 3278 compositam
734 3188 880 3256 miratus
896 3187 951 3257 sit.
961 3188 1020 3272 At,
1037 3210 1080 3256 ne
1096 3186 1390 3279 speciefallamur,
1406 3208 1540 3256 necesse

322 3352 376 3417 est
399 3345 671 3417 animadvertere
690 3347 778 3416 nihil
805 3370 960 3437 unquam
980 3370 1021 3417 ex
1044 3349 1139 3417 omni
1164 3353 1259 3439 parte
1283 3347 1468 3438 pulchrum
1491 3346 1539 3414 illi

321 3507 436 3575 visum
451 3529 525 3575 esse
543 3530 551 3589 3
568 3506 661 3576 unde
679 3508 719 3576 tit
732 3513 772 3577 ut
789 3508 979 3598 saepissime
994 3530 1049 3577 res
1063 3530 1162 3577 veras
1178 3513 1397 3577 commutans
1412 3510 1538 3577 natura

321 3668 549 3736 imitationem
565 3668 730 3754 omiserit,
747 3666 801 3737 val
821 3668 936 3758 potius
951 3668 1178 3737 imitationem
1194 3668 1268 3759 ejus
1282 3673 1415 3737 naturae
1439 3689 1537 3757 quam

322 3830 387 3900 sibi
412 3830 582 3899 effinxerit
609 3833 811 3920 persecutus
841 3829 897 3897 sit.
920 3828 1010 3897 Satis
1034 3848 1116 3897 vero
1136 3827 1359 3895 manifestum
1384 3826 1537 3895 osthane

236 4080 240 4087 Ι
322 3995 482 4061 naturam
506 3992 657 4061 fucatam
679 3994 724 4077 et,
744 3994 784 4059 ut
803 3990 928 4079 cuique
949 3988 1044 4076 libet,
1066 3992 1237 4075 ornatam,
1266 3988 1447 4057 averitate
1464 3984 1537 4053 lon-

319 4150 461 4242 gissime
480 4150 667 4220 discedere.
685 4152 805 4241 Itaque
819 4172 929 4240 quum
947 4148 1134 4240 saepissime
1154 4152 1225 4217 arte
1240 4147 1283 4215 ad
1304 4145 1536 4237 corrigendam

321 4316 481 4380 naturam
496 4335 580 4381 usus
596 4311 652 4397 sit,
669 4334 842 4401 nusquam
867 4333 946 4380 eum
966 4314 1090 4379 natura
1105 4309 1147 4377 ad
1168 4314 1276 4378 artem
1303 4305 1536 4397 corrigendam

320 4494 424 4540 usum
441 4494 514 4540 esse
533 4475 686 4561 apparet.
704 4470 932 4559 Suspicamur
946 4473 1068 4538 contra
1083 4469 1248 4539 Carolum
1269 4470 1316 4537 Le
1337 4470 1432 4537 Brun
1443 4488 1538 4535 secu·

320 4634 395 4697 tum
419 4630 610 4720 essequod
635 4628 892 4701 demonstrabat
916 4629 1137 4718 antiquorum
1157 4627 1320 4719 operibus
1343 4628 1468 4713 inesse,
1504 4624 1537 4691 in
