3275 5167
870 460 1049 525 ..6-

348 647 611 717 l’accucilloient
626 647 667 717 de
682 648 757 717 leur
777 606 973 717 sentiment.
989 646 1035 715 Ge
1054 644 1171 714 n'etait
1191 644 1333 714 d’abord
1353 644 1495 735 quedes
1507 645 1576 712 avis

349 809 578 903 particuliers‚
601 809 759 877 c’etaient
778 809 913 877 ensuite
933 808 992 876 des
1013 806 1252 876 observatione
1279 806 1359 897 plus
1384 808 1574 897 generales,

349 975 383 1041 et
401 971 460 1060 qui
475 968 828 1061 imperceptiblemcnt
843 970 1045 1038 tournaient
1072 988 1114 1038 en
1146 966 1386 1036 dissertations
1415 970 1572 1036 sarantes

346 1382 445 1439 multa
470 1382 606 1455 accepit:
631 1381 713 1438 unde
738 1382 771 1437 P.
796 1381 939 1451 Lacroix‚
963 1382 1204 1463 chirographum
1230 1380 1263 1436 in
1284 1380 1386 1437 lucem
1401 1380 1573 1453 proferens,

346 1480 465 1553 (Revue
479 1479 664 1537 universelle
678 1479 735 1537 des
749 1480 835 1549 Arta,
852 1480 936 1553 1856)
949 1496 1137 1553 persuasum
1150 1478 1261 1535 habuit
1275 1479 1461 1551 scriptorem
1475 1478 1570 1535 fuisse

346 1578 520 1635 Johannem
545 1577 613 1635 Rou
635 1595 729 1651 quem
758 1579 874 1635 scimus
905 1578 1070 1634 historiam
1093 1576 1272 1635 Academiae
1294 1577 1574 1649 composuissent

346 1678 415 1749 ipse
430 1677 479 1732 Fr.
495 1675 722 1749 Waddington‚
737 1677 792 1750 qui
805 1677 919 1732 librum
933 1676 1083 1733 lobannis
1102 1675 1168 1733 Rou
1187 1674 1340 1744 ediderat,
1360 1677 1429 1748 jure
1441 1683 1473 1731 et
1487 1692 1576 1748 pera·

348 1774 608 1847 auterespondit:
639 1775 758 1832 «Cette
777 1776 951 1847 hypothose
975 1792 995 1831 a
1018 1774 1058 1831 de
1080 1775 1213 1847 premier
1235 1774 1336 1831 abord
1358 1775 1521 1846 beaucoup
1536 1775 1573 1830 de

347 1872 607 1941 vraisemblance‚
623 1872 757 1946 puisque
766 1872 844 1930 Jean
854 1873 923 1931 Rou
935 1871 1132 1945 tutemptoyo
1144 1888 1264 1928 comme
1272 1871 1572 1945 secretaire-adjoint

347 1972 386 2027 de
401 1970 591 2027 1’Academie
605 1971 680 2042 (hoc
694 1970 820 2043 quidem
841 1988 949 2027 verum
970 1979 1028 2038 est,
1045 1969 1212 2026 dummodo
1233 1969 1274 2027 ad
1298 1969 1443 2038 officium,
1458 1986 1520 2025 non
1535 1970 1572 2025 ad

346 2068 479 2137 titulum,
497 2077 639 2141 spectes;
653 2085 727 2124 uam
739 2068 859 2141 aliquot
879 2069 1030 2141 epistolas
1046 2077 1077 2125 et
1090 2068 1224 2135 libellos,
1243 2075 1279 2124 ut
1293 2068 1425 2126 Henrico
1440 2068 1572 2125 Testelin

346 2168 535 2236 subveniret,
553 2166 749 2239 composuit3
764 2175 1041 2240 nusquam-autem
1062 2189 1075 2219 (ι
1093 2166 1419 2239 secretaireadjoint»
1438 2167 1573 2222 nomina-

347 2274 414 2332 tur;
427 2281 540 2320 nomen
563 2267 632 2338 ejus
660 2281 784 2336 semper
813 2265 913 2321 abfuit
937 2282 956 2321 a
973 2265 1180 2338 suscriptione
1195 2264 1410 2321 narrationum
1425 2264 1572 2320 «Proces-

347 2364 497 2419 Verbaux
506 2380 524 2417 u
538 2362 712 2431 dictarum),
729 2371 760 2419 et
773 2363 848 2438 qu'il
863 2372 915 2420 eut
928 2363 967 2419 de
982 2363 1142 2435 frequents
1157 2371 1188 2420 et
1199 2363 1323 2420 intimes
1336 2370 1484 2437 rapports
1498 2379 1573 2419 avec

346 2461 501 2534 plusieurs
516 2461 556 2517 de
569 2476 620 2517 ses
633 2461 801 2531 membres,
816 2469 1012 2518 notamment
1040 2478 1117 2518 avec
1144 2479 1202 2517 son
1221 2461 1389 2518 secretaire
1417 2462 1574 2535 perpetuel

347 2558 443 2613 Henri
457 2557 594 2615 Testelin
608 2558 683 2632 qu’il
697 2567 843 2616 rotrouva
857 2560 929 2632 plus
944 2559 1017 2616 tard
1032 2576 1070 2615 en
1084 2559 1274 2616 Hollande...
1294 2558 1376 2615 Mais
1392 2576 1444 2615 ces
1458 2558 1573 2614 indices
1637 2636 1638 2641 ἵ

348 2664 402 2712 ont
430 2664 536 2713 contre
560 2671 621 2713 eux
647 2657 705 2712 des
733 2657 905 2730 objections
925 2658 980 2731 qui
1002 2674 1082 2713 nous
1107 2658 1286 2729 paruissent
1300 2657 1572 2713 insurmoutables.

346 2755 457 2810 Aucun
470 2755 527 2810 des
542 2753 625 2811 deux
639 2756 828 2811 manuscrits
843 2755 882 2812 de
896 2756 927 2812 la
939 2755 1155 2828 bibliotheque
1172 2756 1211 2812 de
1225 2755 1379 2812 l'Arsenal
1401 2755 1481 2811 n’est
1494 2755 1535 2810 dc
1545 2754 1573 2809 la

347 2852 431 2909 main
444 2853 484 2908 de
498 2853 567 2910 Rou
580 2851 677 2924 (alter
690 2870 709 2909 a
725 2854 864 2926 quodam
886 2855 1022 2910 Antonio
1046 2854 1224 2926 Sauvageot
1248 2870 1329 2909 anno
1352 2853 1421 2925 1738
1441 2853 1573 2925 scriptus

348 2951 429 3024 est);
444 2950 675 3023 l’orthographe
690 2951 770 3008 n'est
784 2968 844 3024 pas
859 2953 891 3009 la
904 2956 1015 3020 meme,
1031 2960 1063 3008 et
1077 2953 1108 3007 la
1120 2951 1351 3009 dissemblance
1372 2950 1415 3007 du
1436 2951 1514 3023 style
1530 2958 1575 3006 est

346 3048 540 3122 lrappante:
574 3050 603 3107 lo
632 3050 714 3122 style
737 3049 777 3106 de
799 3050 878 3105 Jean
900 3049 969 3107 Rou
990 3059 1038 3105 est
1059 3050 1223 3122 beaucoup
1250 3050 1321 3122 plus
1345 3050 1445 3116 sseuri,
1480 3056 1511 3105 et
1542 3066 1576 3104 sa

347 3149 479 3204 relation
487 3150 623 3205 contient
630 3147 748 3221 plusde
757 3148 1035 3220 rapprochements
1046 3148 1121 3205 etde
1130 3148 1368 3219 comparaisons
1375 3147 1575 3219 historiques.

351 3244 392 3301 Sa
404 3246 528 3318 preface
541 3253 590 3302 est
604 3254 691 3303 toute
701 3245 864 3303 differente
876 3247 915 3303 de
929 3246 1005 3303 celle
1015 3251 1072 3302 des
1087 3246 1274 3302 manuscrits
1284 3245 1464 3318 publies(in
1471 3245 1578 3301 Revue

349 3342 541 3401 Universelle
555 3343 613 3400 des
627 3342 728 3415 Acts),
745 3352 776 3400 et
789 3344 836 3401 les
852 3345 997 3401 citations
1013 3344 1087 3418 qu’il
1109 3362 1189 3401 nous
1212 3344 1314 3400 donne
1330 3343 1443 3399 deson
1464 3359 1578 3416 propre

349 3440 462 3495 travail
475 3457 515 3498 ne
530 3458 564 3497 se
579 3448 723 3497 trouvent
736 3458 794 3513 pas
809 3442 1005 3514 reproduites
1021 3443 1100 3499 dans
1116 3459 1168 3499 ces
1181 3443 1349 3499 memoires
1377 3463 1402 3497 ε.

402 3539 497 3593 Parvi
508 3540 589 3594 facio
598 3538 885 3596 dissimilitudinem
894 3541 1068 3597 litterarum
1076 3542 1107 3596 in
1119 3541 1337 3613 chirographis
1347 3540 1362 3596 J
1365 3540 1499 3596 ohannis
1509 3540 1580 3596 Rou

351 3642 381 3692 et
394 3635 491 3707 ignoti
507 3636 679 3709 scriptoris,
694 3638 844 3710 quoniam
858 3639 994 3695 fortasse
1009 3640 1116 3712 aliqua
1130 3638 1332 3710 transcriptio
1347 3639 1431 3694 facta
1441 3647 1506 3709 est3
1523 3637 1579 3694 sed

350 3733 467 3789 srustra
491 3735 644 3791 rationem
667 3736 808 3809 aliquam
829 3753 986 3809 opponere
1010 3746 1162 3793 tentarem
1184 3736 1432 3793 dissimilitudini
1456 3735 1580 3792 dicendi

349 3848 499 3904 generum
513 3841 544 3888 et
557 3834 731 3905 praesertim
745 3835 883 3906 partium
897 3834 1000 3907 operis
1013 3836 1046 3890 in
1059 3834 1210 3890 Johannis
1223 3834 1293 3890 llou
1304 3833 1384 3890 libro
1398 3834 1579 3890 relatarum.

404 3930 508 4000 Quum
521 3930 547 3986 J.
562 3932 629 3987 Rou
643 3949 705 3988 non
717 3932 880 4005 scripserit
892 3932 970 3988 illud
983 3951 1001 3989 «
1013 3932 1157 3990 Relation
1173 3954 1198 4001 r,
1212 3933 1283 4004 quis
1296 3932 1353 3988 fuit
1364 3940 1472 3989 auctor
1483 3934 1501 3989 ‘2
1513 3931 1580 3986 Hoc

351 4044 446 4085 unum
458 4028 605 4085 veredici
619 4037 724 4101 potest
739 4048 745 4086 :
760 4030 952 4103 compositus
961 4038 1010 4087 est
1024 4030 1105 4086 liber
1123 4032 1165 4086 ab
1187 4031 1288 4086 amico
1303 4030 1441 4103 quodam
1455 4027 1580 4086 Henrici

351 4126 506 4183 Testelin:
522 4144 596 4183 nam
603 4127 739 4199 plurima
748 4129 945 4200 reperiuntur
955 4146 1024 4203 quae
1038 4144 1119 4184 unus
1128 4128 1266 4185 Testelin
1276 4129 1461 4201 cognovisse
1471 4137 1580 4201 potue-

352 4233 423 4292 rat3
440 4224 521 4280 unde
548 4226 581 4280 lit
600 4234 634 4280 ut
653 4226 715 4282 fide
738 4226 852 4297 dignus
874 4228 917 4283 sit
934 4236 1041 4299 utpote
1065 4227 1119 4300 qui
1142 4226 1330 4283 sententiam
1350 4226 1524 4282 doctissimi
1553 4235 1582 4283 et

351 4323 475 4379 honesti
492 4323 552 4379 viri
571 4324 696 4379 reserat.
711 4324 852 4396 Scriptus
866 4332 971 4380 tamen
987 4333 1044 4391 est,
1058 4325 1196 4381 Testelin
1208 4332 1331 4379 mortuo
1346 4342 1353 4393 ;
1373 4324 1459 4397 quod
1474 4340 1516 4380 ex
1530 4325 1582 4379 his

349 4421 455 4477 verbis
470 4422 621 4494 conjicio:
643 4442 671 4477 a.
683 4463 707 4476 ..
726 4438 761 4479 ce
777 4422 832 4495 qui
851 4422 997 4494 m’oblige
1020 4439 1078 4495 par
1100 4439 1160 4478 une
1183 4423 1322 4479 maniere
1343 4421 1382 4479 de
1402 4423 1583 4479 reconnais-

350 4535 444 4575 sance
459 4518 498 4574 de
511 4526 675 4590 rapporter
688 4519 729 4574 ici
739 4519 1001 4589 leursnoms,afin
1008 4520 1270 4593 quel'Academie
1280 4520 1376 4576 sache
1385 4519 1584 4593 l'obligation

347 4616 459 4689 qu'elle
478 4633 497 4671 a
513 4616 676 4673 d'honorer
700 4617 767 4673 leur
792 4617 951 4673 memoire.
975 4617 1036 4673 Ces
1055 4617 1228 4673 Messieurs
1250 4618 1331 4674 donc
1346 4618 1463 4675 etaient
1475 4619 1520 4674 M.
1537 4620 1585 4675 Le

343 4715 436 4783 Brun,
465 4714 575 4779 lirrad,
602 4722 673 4782 etc,
696 4722 727 4771 et
751 4715 780 4771 le
809 4714 979 4771 secretaire
1005 4733 1033 4771 ε.
1059 4713 1228 4787 (Relation,
1249 4716 1282 4771 in
1305 4715 1458 4787 flue).Hae
1477 4732 1583 4773 voces
