3275 5167
606 438 765 503 ..55-

55 624 333 694 verisimilitudo
363 626 478 717 potius
506 647 610 715 quam
637 624 764 692 veritas
800 622 945 692 colenda
968 628 1035 709 est;
1066 623 1150 713 quid
1166 623 1293 713 plural

54 785 335 856 verisimilitudo
364 786 408 855 ad
439 808 556 856 veram
585 789 744 853 naturam
784 782 929 874 propius
958 806 1062 874 quam
1096 784 1172 873 ipsa
1207 784 1298 852 veri-

55 950 116 1013 tas
152 947 288 1015 accedit
324 947 389 1038 (l);
421 950 545 1015 natura
573 945 677 1031 enim,
716 945 853 1035 qualem
895 967 971 1013 esse
998 942 1168 1027 videmuS,
1207 966 1298 1012 sem·
1357 952 1361 957 '

57 1128 128 1195 per
160 1130 181 1174 a
209 1129 290 1175 vera
322 1128 476 1197 puraque
505 1111 628 1175 natura
655 1104 792 1195 qualem
831 1126 907 1173 eam
936 1126 1011 1175 esse
1029 1102 1299 1195 intellegendum

59 1271 131 1349 est,
157 1273 264 1357 quam
285 1268 434 1336 maxime
456 1267 630 1336 abhorret.
663 1266 772 1356 Ergo·
793 1287 836 1333 ne
863 1264 977 1334 verbis
1011 1265 1047 1331 in
1081 1264 1183 1333 aliam
1221 1286 1300 1333 sen-

58 1428 217 1495 tentiam
264 1423 408 1496 detortis
458 1426 635 1511 fallamur,
679 1424 1026 1494 animadvertendum
1083 1430 1135 1495 est
1184 1425 1300 1493 verbis

63 1615 80 1657 r
107 1590 378 1658 veritastet«
409 1594 533 1657 natura
564 1613 578 1655 »
606 1610 678 1655 uon
701 1590 743 1656 'aa
775 1610 853 1677 quae
880 1586 1120 1677 adspiciuntur
1139 1587 1199 1655 sed
1223 1608 1300 1676 quae

59 1750 323 1841 intelleguntur
348 1754 382 1818 et
408 1750 444 1817 in
472 1750 589 1818 animo
619 1749 802 1841 tinguntur
828 1758 929 1817 xvuml
945 1747 1072 1817 saeculo
1107 1747 1303 1837 significata

63 1934 149 1979 esse
189 1913 250 2000 (2).
288 1912 389 1979 Unde
432 1911 470 1978 fit
505 1914 555 1996 ut,
589 1911 619 1978 si
649 1910 716 1977 hac
745 1909 1028 2000 interpretatione
1052 1907 1176 1993 utaris,
1210 1930 1303 1976 nun-

64 2094 180 2162 quam
215 2094 236 2139 a
267 2070 434 2161 dignitate
474 2073 508 2137 et
545 2069 723 2160 majestate
755 2069 948 2159 figurarum
962 2067 1089 2137 veritas
1104 2072 1138 2136 et
1172 2072 1296 2135 natura

65 2231 282 2300 dissentiant
320 2254 327 2298 :
363 2253 443 2297 nam
481 2229 546 2297 hac
583 2251 653 2298 una
686 2229 852 2319 dignitate
881 2234 1006 2298 natura
1042 2250 1121 2297 vere
1156 2223 1301 2316 exprimi

66 2396 200 2483 potest.
236 2391 399 2461 Attamen
444 2390 544 2457 nobis
581 2389 777 2457 existimare
808 2388 890 2457 licet
928 2387 1089 2457 Carolum
1129 2388 1175 2457 Le
1204 2386 1300 2456 Brun

68 2554 277 2639 ceterosque
306 2549 422 2617 verbis
452 2549 537 2616 mire
574 2549 701 2616 abusos
720 2620 725 2631 x
741 2569 827 2630 esse,
865 2551 910 2631 et,
935 2544 1094 2635 quamvis
1119 2545 1299 2614 veritatem

69 2709 143 2777 arti
163 2730 298 2798 semper
323 2708 542 2777 inserendam
566 2730 640 2776 esse
669 2707 927 2799 profiterentur,
959 2707 1001 2774 ab
1028 2729 1068 2775 ea
1096 2707 1301 2798 plerumque

68 2868 214 2959 longius
236 2869 449 2938 discessisse.
475 2869 542 2938 Sed
562 2890 639 2937 eam
668 2867 734 2937 coli
758 2868 947 2937 voluerunt
974 2872 1045 2936 eta
1067 2890 1103 2936 se
1129 2867 1300 2937 excultam

70 3052 151 3099 esse
166 3030 402 3100 crediderunt.

122 3450 303 3517 Postremo
340 3471 411 3516 non
444 3446 567 3515 fuisset
602 3446 747 3516 Carolus
772 3448 819 3517 Le
848 3448 943 3516 Brun
977 3447 1090 3538 isqui
1115 3447 1301 3518 aNicolao

74 3608 228 3677 Poussin
259 3608 385 3676 tradita
417 3608 616 3696 accepisset,
657 3608 686 3673 si
719 3608 932 3698 voluptatem
972 3608 1200 3699 quamdame
1229 3607 1302 3697 pul-

126 4020 172 4092 (1)
186 4017 237 4074 Cf.
255 4019 288 4073 in
302 4019 443 4075 oratione
456 4017 561 4075 Caroli
581 4018 622 4072 Le
637 4016 748 4073 Brun«
764 4016 953 4073 Sentiments
976 4033 1031 4073 sur
1056 4017 1085 4073 le
1100 4017 1241 4073 discours
1262 4016 1305 4072 du

77 4117 189 4173 merite
212 4118 252 4173 de
267 4117 298 4171 la
318 4116 472 4172 couleur»
496 4115 660 4187 inscripta,
678 4114 891 4170 definitionem
905 4114 1100 4186 graphidis«
1115 4114 1306 4171 intellectua-

76 4216 117 4270 lis
131 4236 158 4283 »,
174 4231 244 4287 quae
257 4213 397 4269 imitatur
409 4231 427 4266 «
441 4219 543 4267 tontes
558 4212 604 4268 les
620 4212 730 4268 choses
744 4211 868 4280 rdelles,
879 4229 920 4267 au
933 4211 994 4266 lieu
1009 4228 1069 4284 quc
1083 4212 1114 4268 la
1129 4212 1255 4268 couleur
1269 4228 1307 4268 ne

77 4312 260 4385 represente
273 4327 334 4384 que
344 4327 379 4366 ce
394 4310 449 4383 qui
463 4317 511 4366 est
521 4310 705 4366 accidentel.
722 4331 735 4360 a
814 4320 819 4326 ·

127 4438 169 4508 (α)
183 4436 316 4493 Carolus
329 4436 371 4491 Le
391 4435 487 4503 Brun,
500 4442 535 4491 ut
557 4435 626 4507 ipse
649 4435 754 4502 refert,
774 4453 792 4489 a
815 4434 983 4506 corrigeait
996 4452 1055 4508 par
1070 4434 1099 4490 le
1121 4448 1248 4490 secours
1267 4432 1307 4489 de

78 4537 150 4592 l'art
165 4551 200 4591 ce
215 4551 276 4607 que
291 4535 322 4591 la
337 4541 450 4590 nature
463 4542 494 4590 et
512 4534 541 4590 le
556 4534 622 4590 croi
636 4534 679 4588 lui
694 4534 820 4590 avaient
834 4534 955 4589 montre
979 4531 1169 4603 d'imparlait
1183 4531 1263 4586 dans
1278 4532 1307 4588 le

82 4633 216 4691 modele.
231 4652 249 4688 »
260 4633 305 4704 (in
318 4630 521 4688 adnotatione
533 4630 700 4705 cujusdam
714 4630 864 4687 orationis
880 4646 977 4702 supra
992 4627 1153 4696 laudatae).
