3275 5167
591 485 750 550 ..37-

46 671 160 741 trictae
180 676 262 741 sunt
281 676 314 741 et
331 672 437 741 unius
456 670 644 741 voluntatis
658 672 798 761 signum
814 670 880 738 sibi
890 669 1043 762 imprimi
1054 692 1164 762 passae
1180 676 1274 742 sunt.

89 833 259 901 Attamen
291 831 519 923 perniciosior
547 835 581 900 et
605 829 840 900 detestabilior
880 830 945 898 tuit
985 852 1026 899 ca
1064 853 1149 899 cura
1182 854 1281 922 prac-

46 996 234 1082 ceptorum
280 991 459 1082 discipulis
503 991 804 1084 exsequendorum
832 994 867 1059 et
889 989 1108 1059 Academicis
1141 990 1282 1060 institu-

46 1152 234 1222 endorum.
261 1152 334 1221 Hac
357 1153 559 1222 necessitate
589 1156 703 1222 cetera
730 1152 766 1219 in
794 1151 947 1221 deterius
971 1150 1136 1220 inclinata
1165 1155 1276 1221 sunt:

47 1335 129 1381 nam
170 1312 331 1399 artifices,
367 1313 429 1382 uni
469 1312 722 1404 discipulorum
769 1311 923 1380 scientiae
967 1310 1194 1399 attendentes,
1225 1312 1280 1381 vel
1376 1307 1379 1311 ⁴

46 1472 82 1538 in
111 1471 247 1540 tabulis
294 1472 400 1563 Regis
453 1471 520 1540 hoc
555 1471 796 1562 pervulgatum
839 1470 1009 1540 virtutum
1045 1492 1156 1561 genus
1195 1494 1281 1562 quas

47 1636 194 1721 possent
244 1631 373 1699 imitari
424 1632 571 1721 juvenes
632 1631 926 1714 demonstrabant,
980 1653 1057 1721 quae
1108 1631 1278 1721 imprimis

48 1794 243 1884 conspicua
277 1797 393 1862 essent
430 1791 664 1883 neglegentes,
708 1791 762 1859 vel
797 1813 874 1882 quae
910 1791 969 1860 vix
1009 1813 1146 1861 summo
1185 1792 1282 1882 iuge-

48 1954 105 2023 nio
135 1932 204 2023 viri
234 1953 383 2023 assecuti
407 1956 534 2039 essent,
584 1956 623 2021 ut
661 1952 841 2036 imitanda,
880 1950 1136 2042 significabant.
1177 1950 1277 2021 Unde

48 2114 85 2182 fit
129 2119 169 2183 ut
215 2114 324 2183 multa
363 2113 400 2180 in
443 2112 657 2181 orationibus
702 2112 756 2180 vel
796 2111 1036 2180 omitterentur
1081 2110 1136 2177 vel
1186 2108 1272 2177 falso

46 2274 333 2365 exprimerentur.
364 2273 512 2341 Necesse
558 2277 673 2341 autem
720 2276 793 2339 erat
827 2270 869 2340 de
908 2270 951 2338 iis
998 2270 1140 2338 minutis
1174 2269 1277 2338 rebus

48 2456 86 2502 ea
110 2434 251 2503 levitate
284 2455 389 2524 quam
417 2432 567 2503 diximus
599 2431 781 2523 disputari.
815 2431 1003 2522 Praecepta
1035 2451 1131 2513 vero,
1171 2429 1201 2498 si
1234 2428 1277 2497 ad

47 3034 150 3087 meme
164 3046 225 3104 que
240 3030 288 3087 les
303 3030 372 3087 avis
386 3029 543 3088 differents
560 3034 614 3106 qui
628 3048 663 3090 se
677 3032 1046 3106 pourraientrencontrer
1061 3032 1246 3090 serviraient
1259 3034 1280 3087 a

47 3128 213 3185 decouvrir
227 3129 391 3202 beaucoup
406 3128 445 3185 de
464 3130 576 3187 choses
596 3132 650 3206 qui
670 3132 807 3188 seraient
827 3137 938 3186 autaut
952 3129 991 3186 de
1005 3130 1169 3203 preceptes
1189 3130 1278 3186 etde

48 3226 202 3282 maximes
219 3245 244 3281 a.
260 3227 404 3305 Libertas
417 3226 602 3300 disputandi
616 3230 657 3285 ad
671 3230 890 3285 auctoritatem
904 3236 1132 3300 praeceptorum
1146 3227 1280 3285 edendo-

49 3341 120 3380 rum
141 3325 314 3395 spectabat.
340 3355 373 3366 -
393 3324 440 3381 Cf.
463 3326 568 3399 Projet
586 3327 752 3383 del'ordre
771 3328 877 3401 quise
897 3326 1038 3400 pourrait
1062 3326 1208 3382 tanin...
1233 3325 1282 3396 (28

48 3439 135 3479 mars
150 3423 233 3495 1667)
260 3439 356 3496 supra
381 3422 554 3480 laudatum.
574 3455 610 3468 --
626 3425 673 3483 ct.
697 3425 993 3482 Preces-Verbaux:
1017 3425 1067 3481 Du
1085 3425 1135 3481 25⁰
1149 3426 1221 3498 J‘our
1239 3424 1279 3481 de

48 3520 283 3594 isaurici-1670:
310 3540 362 3578 cc..
387 3538 441 3577 sur
467 3539 502 3579 ce
523 3539 584 3595 que
603 3524 644 3579 M.
675 3525 718 3581 Le
741 3524 826 3579 Brun
850 3541 871 3580 a
892 3524 1031 3596 propose
1048 3523 1195 3596 qu’apres
1210 3529 1280 3578 tant

49 3618 250 3676 d’excellents
265 3608 404 3676 discours
420 3636 481 3693 que
496 3620 556 3677 l’on
575 3638 595 3677 a
609 3622 682 3677 faits
697 3622 777 3678 dans
791 3622 838 3678 les
853 3620 1050 3678 conferenccs
1065 3620 1279 3693 precedentes,

48 3717 69 3771 il
90 3717 170 3773 etait
191 3716 369 3774 necessairc
390 3716 460 3774 d'en
481 3719 634 3775 recueillir
656 3719 703 3775 les
722 3720 812 3775 fruits
830 3727 862 3776 et
883 3719 958 3775 tirer
975 3718 1015 3775 de
1040 3735 1075 3775 cc
1098 3718 1214 3775 travail
1232 3719 1278 3775 les

49 3816 197 3871 matieres
214 3816 269 3888 qui
288 3831 322 3871 se
342 3823 478 3888 peuvent
497 3817 610 3873 etablir
629 3834 667 3874 cn
686 3819 849 3891 preceptes
867 3834 947 3889 pour
969 3817 1174 3873 l'instruction
1192 3816 1231 3873 de
1245 3817 1279 3873 la

48 3914 195 3984 jeunesse
210 3920 241 3971 et
255 3914 286 3969 la
301 3913 499 3969 satisfaction
514 3914 553 3971 de
564 3931 643 3971 ceux
658 3915 712 3987 qui
730 3915 869 3971 de'sirent
887 3920 1048 3971 connaltre
1061 3915 1093 3970 la
1107 3914 1220 3970 beaute
1239 3913 1279 3971 de

49 4011 80 4067 la
96 4010 249 4084 peinture,
271 4028 332 4086 que
349 4028 429 4084 pour
448 4021 496 4068 cet
513 4012 625 4069 effctil
646 4015 783 4070 trouvait
803 4016 823 4069 a
843 4030 960 4086 propos
982 4030 1042 4087 que
1063 4014 1092 4069 le
1110 4012 1278 4069 secretaire

48 4114 229 4183 remarquat
248 4110 500 4183 seigneuscment
526 4120 557 4167 et
579 4112 712 4168 couchat
732 4129 791 4184 par
813 4112 891 4168 ecrit
908 4112 955 4168 les
978 4112 1153 4183 objections
1177 4119 1208 4167 ct
1231 4112 1278 4167 les

49 4208 190 4264 diverses
210 4208 354 4280 opinions
382 4209 437 4280 qui
460 4226 494 4265 se
516 4218 713 4267 rencontrent
731 4210 811 4266 dans
833 4210 963 4267 lesditcs
983 4210 1181 4267 conferences
1201 4225 1279 4266 avec

49 4306 94 4363 les
113 4306 234 4361 raisons
252 4306 409 4378 allegudes
427 4306 466 4362 de
485 4316 557 4379 part
573 4316 604 4364 et
624 4308 742 4365 d'autre
759 4325 840 4381 pour
858 4309 904 4365 les
919 4316 1085 4382 rapporter
1103 4324 1141 4364 en
1160 4308 1192 4362 la
1206 4307 1277 4379 plus

47 4403 214 4477 prochainc
225 4405 401 4461 assemblde
411 4406 610 4477 particuliere
619 4406 866 4475 del’Academie‚
885 4424 938 4463 sur
948 4408 1023 4480 quoi
1035 4407 1067 4463 la
1083 4404 1277 4477 Compagnie

48 4503 114 4559 sera
125 4518 236 4558 encore
248 4501 305 4558 des
320 4502 544 4576 reflexionsqui
559 4512 664 4561 scront
679 4505 894 4577 parcillement
908 4506 1032 4574 ecriteS,
1041 4512 1073 4561 et
1084 4501 1275 4559 l’Academie

50 4601 230 4657 examinant
249 4600 279 4655 le
300 4608 378 4668 tout,
402 4599 538 4657 formem
565 4601 622 4659 des
643 4602 830 4658 resolutione
858 4603 912 4676 qui
940 4610 1046 4659 seront
1067 4598 1275 4673 cnregistrees

52 4716 131 4772 pour
144 4699 243 4755 servir
254 4699 274 4753 a
287 4697 418 4755 l'avenir
431 4698 470 4755 dc
479 4699 619 4773 principe
633 4707 665 4757 et
679 4699 719 4755 de
731 4700 850 4771 regle...
868 4719 892 4755 t.
