3275 5167
639 362 798 425 ..81-

98 547 177 611 tam
206 542 376 634 respicere
406 548 440 612 et
471 544 576 615 verba
606 568 683 636 quae
716 547 757 615 de
790 546 850 615 illa
881 545 999 616 lecerit
1030 545 1156 639 legere.
1204 545 1240 615 Si
1276 544 1330 614 his

98 702 153 770 ita
184 703 294 793 jussis
322 704 488 795 paruerit,
526 727 581 774 res
609 728 773 797 prospere
803 706 1015 786 succedent3
1042 706 1071 774 si
1094 706 1334 775 commendata

98 862 296 953 neglexerit
332 867 393 934 aut
434 866 712 953 commutaverit,
761 888 902 936 necesse
951 870 1002 935 eet
1043 871 1173 957 peccet.
1218 866 1333 949 Quare

98 1025 316 1115 quicumque
359 1025 529 1117 graphide
566 1026 829 1096 admirationem
871 1026 1076 1113 imitabitur,
1121 1028 1195 1097 haec
1224 1050 1334 1098 unum

96 1188 221 1254 teneat
257 1190 291 1254 et
325 1190 439 1255 servet
479 1209 485 1253 :
521 1188 601 1255 «Le
631 1188 749 1278 visage
779 1188 887 1272 recoit
915 1189 983 1257 fort
1016 1210 1083 1279 peu
1113 1189 1155 1258 de
1185 1189 1335 1280 change-

98 1350 202 1415 ment
233 1369 275 1415 en
306 1352 418 1417 toutcs
452 1371 507 1417 ses
546 1349 703 1439 parties;
736 1354 770 1419 et
802 1349 855 1418 s'il
885 1374 906 1441 y
945 1373 988 1419 en
1031 1373 1063 1438 a,
1093 1350 1117 1418 il
1146 1351 1335 1441 n'estque

95 1508 189 1577 dans
221 1508 418 1578 l'eldvation
456 1511 502 1580 du
539 1511 698 1594 sourcil;
730 1511 818 1579 mais
848 1512 873 1579 il
915 1534 1000 1581 aura
1032 1512 1082 1581 les
1110 1511 1204 1582 deux
1241 1514 1335 1580 orites

98 1676 228 1761 egaux,
264 1674 298 1739 et
334 1669 416 1740 l'oeil
453 1693 531 1740 sera
564 1694 612 1740 un
645 1694 712 1763 peu
745 1672 824 1764 plus
853 1677 976 1742 ouvert
1003 1675 1083 1763 qu'a
1121 1672 1333 1759 l’ordinaire,

98 1835 135 1899 et
165 1830 200 1899 la
232 1830 387 1921 prunelle
424 1831 615 1922 dgalement
653 1837 749 1901 entre
777 1832 827 1901 les
854 1834 946 1902 deux
972 1834 1155 1925 paupieres
1186 1839 1220 1902 et
1253 1857 1333 1902 sans

98 1995 339 2078 mouvement,
373 1993 529 2061 attachee
558 2016 618 2062 sur
656 1993 774 2082 l'objet
812 1994 872 2085 qui
906 2017 990 2065 aura
1024 2001 1126 2064 cause
1160 1994 1334 2063 l'admira·

97 2152 190 2221 tion.
222 2152 272 2222 La
305 2151 442 2222 bouche
470 2136 547 2222 sera
581 2153 676 2223 aussi
709 2154 956 2240 entr’ouvertc,
1002 2155 1088 2222 mais
1127 2153 1191 2223 elle
1223 2159 1336 2245 paral-

97 2315 159 2378 tra
191 2332 273 2377 sans
311 2332 446 2380 aucune
484 2310 678 2396 alteration,
722 2334 793 2379 non
831 2310 910 2401 plus
952 2333 1018 2401 que
1061 2315 1138 2381 tout
1179 2311 1211 2380 le
1246 2316 1334 2380 reste

100 2471 167 2540 des
196 2475 309 2541 autres
336 2470 463 2562 parties
494 2472 541 2540 du
582 2472 699 2562 visage
719 2498 751 2541 a.
784 2471 886 2553 Quod
916 2472 944 2540 si
974 2473 1123 2563 liguram
1152 2494 1256 2563 quarn
1285 2474 1333 2541 Le

100 2634 202 2702 Brun
252 2632 448 2717 delineavit,
491 2638 531 2703 ut
573 2655 771 2701 sermonem
820 2633 1020 2721 illustraret,
1063 2634 1211 2704 intuitus
1248 2632 1331 2719 eriS,

101 2815 184 2862 eam
213 2793 329 2861 statim
366 2815 545 2882 agnosces,
577 2797 614 2862 ut
647 2792 835 2883 saepissime
859 2794 894 2860 in
922 2794 1049 2862 tabulis
1090 2794 1217 2863 horum
1245 2799 1334 2863 tem-

104 2975 235 3043 porum
277 2959 379 3046 atque
423 2955 526 3023 etiam
561 2956 763 3024 recentioris
802 2955 866 3023 aevi
902 2953 1091 3045 depictam3
1123 2977 1227 3044 quam
1256 2954 1335 3022 imi-

105 3118 222 3182 tantes
254 3114 511 3185 hortationibus
540 3114 654 3184 Caroli
681 3115 727 3183 Le
758 3116 855 3184 Brun
884 3136 955 3182 non
993 3114 1108 3182 minus
1146 3137 1186 3182 ac
1227 3113 1332 3203 pigri-

103 3274 165 3343 tiae
202 3298 274 3343 suae
303 3274 448 3343 artifices
482 3276 794 3367 obtemperabant;
831 3298 911 3343 nam
949 3296 1019 3342 non
1058 3274 1332 3343 obliviscendum

102 3439 159 3503 est
191 3457 271 3504 eum
300 3434 493 3503 diutissime
530 3434 680 3524 pictores
714 3435 839 3525 quibus
865 3457 924 3503 rex
952 3434 1094 3525 praemia
1123 3432 1333 3501 concedebat

103 3594 283 3686 elegisse3
318 3593 410 3664 unde
438 3595 476 3662 tit
507 3598 558 3680 ut,
599 3595 629 3661 si
662 3594 790 3662 famam
826 3599 859 3663 et
897 3594 1077 3663 scientiam
1115 3594 1191 3683 ejus
1231 3590 1330 3660 omit-

100 3760 171 3840 taS,
210 3778 351 3825 summa
393 3754 428 3823 vi
469 3760 503 3823 et
549 3754 751 3822 auctoritate
789 3753 915 3823 artium
962 3754 1147 3845 imperium
1192 3751 1327 3821 rexerit.

105 3916 199 3997 Quid
234 3938 316 3984 vero
355 3914 512 3983 beneficii
538 3914 675 4003 pictura
698 3936 739 3982 ax
780 3913 835 3983 his
873 3914 984 3983 Caroli
1021 3914 1068 3982 Le
1107 3914 1203 3983 Brun
1244 3935 1329 4003 prae·

106 4076 215 4166 ceptis
248 4081 281 4144 et
314 4073 569 4165 exemplaribus
597 4075 743 4165 excepit,
777 4097 885 4164 quum
906 4096 970 4164 pro
998 4074 1167 4164 cujusque
1202 4077 1328 4143 conatu

106 4239 140 4303 et
173 4234 290 4304 labore
328 4234 371 4302 ad
398 4256 540 4323 eaquae
575 4234 717 4303 sentiret
752 4231 940 4320 reddenda,
975 4257 992 4303 e
1026 4258 1113 4325 pura
1137 4234 1328 4303 imitatione

104 4416 243 4465 summa
282 4416 337 4463 ars
370 4394 597 4463 constiterit?
625 4394 662 4463 Si
689 4392 830 4483 quidem
860 4398 949 4462 artes
984 4394 1178 4485 opprimere
1212 4393 1329 4464 volue-

104 4560 173 4639 rat,
213 4556 271 4624 vix
298 4555 366 4625 dici
394 4558 508 4645 potest
538 4552 620 4643 quid
653 4553 822 4623 funestius
855 4556 986 4623 tentare
1017 4556 1201 4644 potuisset.

1189 4688 1209 4749 6
