3275 5167
859 432 1019 497 ..23-

325 639 394 709 quo
414 615 582 687 similiora
601 616 752 685 Henrico
782 617 932 686 Testelin
957 623 1085 688 narrat.
1107 618 1206 688 Adde
1224 618 1318 709 quod
1349 619 1556 710 plerumque

325 778 576 869 disputationes
593 776 634 845 de
649 777 754 846 rebus
769 778 896 869 cuique
907 779 1148 870 intellegendis
1163 784 1307 848 versatae
1323 783 1422 848 sunt.

370 937 507 1007 Etenim
536 938 707 1028 extemplo
732 937 943 1029 intellegitur
976 939 1227 1029 disputationes
1266 941 1309 1009 ad
1340 962 1452 1009 usum
1485 940 1558 1029 pin-

324 1098 605 1191 gendi(1)(quae
643 1099 837 1191 disciplinas
863 1104 896 1168 et
932 1101 1112 1183 doctrinas,
1133 1101 1261 1170 nonde
1289 1098 1558 1192 pulchritudine

321 1260 535 1352 judiciorum
557 1282 637 1350 pars
661 1262 738 1351 est),
764 1260 818 1329 vol
841 1262 884 1330 ad
902 1261 1075 1331 faciliores
1090 1265 1124 1331 et
1148 1262 1327 1332 inaniores
1344 1263 1558 1353 quaestiones

324 1425 488 1512 spectaro.
515 1422 688 1505 Quoniam
704 1420 745 1489 de
763 1420 1034 1512 pulchritudine,
1060 1421 1192 1492 nonde
1213 1423 1317 1492 rebus
1339 1425 1404 1493 uni
1431 1422 1558 1491 artifici

325 1582 564 1672 intellegendis
594 1581 650 1650 hic
679 1580 803 1673 agitur,
830 1581 907 1650 illas
936 1583 1111 1668 omittens,
1134 1583 1196 1652 has
1221 1583 1322 1653 unice
1352 1606 1558 1675 persequar.

325 1740 450 1811 Tribus
472 1722 637 1830 exemplis
657 1746 734 1811 utar
760 1764 878 1832 quaec
907 1741 1072 1827 Felibien,
1095 1766 1116 1810 a
1144 1742 1305 1829 Testelin,
1324 1768 1344 1811 a
1365 1743 1500 1813 Guillet
1519 1743 1557 1811 de

327 1900 596 1993 saint-Georges
630 1902 838 1986 mutuabor;
882 1901 1011 1971 eaedem
1044 1924 1146 1992 nugae
1170 1902 1261 1993 apud
1294 1903 1414 1971 omnis
1455 1926 1559 1973 cons-

325 2061 508 2154 picientur.

369 2227 473 2295 Anno
493 2224 715 2295 MDCLXVll
732 2227 794 2315 (2),
804 2224 1028 2295 Sebastianus
1043 2224 1258 2294 Bourdondo
1273 2226 1424 2317 quadam
1439 2227 1560 2295 tabula

327 2408 436 2455 caecos
452 2409 472 2454 a
487 2384 625 2453 Christo
644 2390 783 2455 sanatos
798 2385 975 2471 reddente,
993 2408 1097 2476 quam
1112 2386 1240 2455 lecerat
1259 2385 1425 2454 Nicolaus
1446 2387 1556 2456 Pous-

329 2547 396 2631 sin,
444 2546 636 2614 orationem
676 2546 757 2637 egit.
799 2547 986 2637 Postquam
1026 2545 1214 2637 disputatio
1253 2550 1328 2614 orta
1364 2550 1427 2628 est,
1477 2569 1560 2614 mox

326 2708 494 2799 agitatum
512 2711 564 2775 est
578 2710 694 2775 utrum
715 2731 734 2774 a
753 2706 887 2797 pictore
905 2706 1044 2775 Jericho
1067 2711 1110 2773 an
1134 2706 1378 2797 capharnaum
1403 2705 1558 2796 descrip-

324 2872 401 2937 turn
422 2871 522 2938 esset.
545 2867 659 2951 Quod,
676 2868 835 2956 quamvis
846 2866 987 2935 minime
999 2866 1042 2934 ad
1056 2867 1201 2936 virtutes
1213 2865 1340 2935 tabulae
1352 2866 1556 2957 pertineret,

325 3030 485 3121 plurimis
501 3028 725 3119 argumentis,
741 3050 758 3096 e
775 3027 881 3097 Sacra
897 3027 1077 3118 Scriptura
1091 3023 1237 3110 haustis,
1254 3031 1288 3095 et
1318 3031 1557 3116 expugnatum

323 3196 358 3260 et
375 3191 555 3262 defensum
568 3195 630 3257 est.
643 3189 800 3259 Christus
817 3188 910 3257 enim
927 3186 1081 3255 bisidom
1100 3187 1309 3256 miraculum
1330 3187 1469 3255 fecerat.
1483 3188 1553 3256 Ita-

327 3374 394 3443 que
410 3350 496 3422 alter
510 3350 761 3441 disputantium
784 3351 936 3441 speravit
950 3350 1186 3418 adversarium
1211 3371 1274 3418 ase
1289 3370 1494 3439 oppressum
1513 3348 1557 3416 iri

377 3907 418 3978 (1)
432 3904 569 3963 Testelin
587 3904 620 3960 in
642 3903 783 3960 oratione
797 3900 936 3976 quadam
950 3918 967 3956 a
980 3917 1034 3957 sur
1047 3901 1077 3957 le
1102 3900 1187 3958 Clair
1200 3898 1351 3955 obscur»
1369 3899 1481 3971 quibus
1494 3898 1556 3953 viis

326 4006 427 4080 pictor
441 4005 483 4062 ad
507 4005 611 4062 lumen
625 4012 656 4061 et
670 4004 798 4059 umbras
824 4010 908 4059 recte
924 3999 1124 4057 collocandas
1140 4000 1185 4055 uti
1211 3998 1314 4071 possit
1337 3996 1481 4071 exponit3
1495 3996 1556 4053 hoc

324 4105 454 4179 picturae
467 4102 669 4172 studentium,
684 4118 745 4157 non
760 4099 891 4174 pulchra
906 4099 1079 4155 curantium
1093 4098 1241 4166 interest3
1264 4113 1338 4152 nam
1348 4095 1461 4153 artifex
1474 4112 1556 4151 unus

323 4202 437 4262 sentiet
460 4219 530 4275 quae
556 4200 640 4257 dicta
669 4207 742 4255 sunt
767 4199 799 4254 in
827 4198 1025 4255 contentione
1049 4197 1089 4252 de
1113 4211 1264 4268 requam
1293 4194 1433 4251 Testeliu
1460 4201 1554 4249 vocat

326 4302 505 4359 alumieres
526 4299 710 4356 diminutes.
729 4320 741 4349 a
763 4296 823 4369 (Cf.
845 4297 1044 4366 Sentiments,
1066 4295 1148 4368 etc).
1164 4294 1206 4349 At
1229 4309 1395 4366 perpaucae
1410 4301 1482 4349 sunt
1495 4292 1546 4349 dis

327 4401 508 4476 putationes
528 4399 568 4455 de
593 4398 643 4454 his
667 4396 894 4471 quaestionibus
909 4394 1044 4463 habitae3
1064 4394 1245 4466 plerumque
1259 4398 1429 4448 tractatum
1453 4398 1500 4448 est
1515 4390 1554 4446 de

324 4500 412 4557 miris
426 4507 457 4555 et
469 4498 562 4553 vanis
578 4498 672 4553 rebus
687 4512 757 4569 quae
770 4496 838 4567 jam
852 4493 1104 4549 declarabuntur.

378 4620 426 4693 (a)
440 4619 458 4675 3
472 4618 647 4676 decembre.
664 4648 697 4659 -—
713 4615 920 4673 Ctlldlibien.
932 4614 1175 4671 Conferences...
1193 4612 1349 4687 Septieme
1362 4613 1555 4671 conference.
