3275 5167
575 485 761 549 ..27-

56 674 126 763 ipsa
145 674 362 765 adspiciatur
382 672 522 759 omittit,
549 672 617 741 nisi
645 670 723 761 quis
758 670 846 739 forte
868 669 1066 760 loquentem
1085 665 1290 736 intermittat

56 832 292 923 etinterroget
312 833 371 924 (l).
400 832 500 903 Unde
515 831 737 901 manifestum
759 834 811 897 est
830 828 1003 898 orationes
1018 825 1162 894 minime
1188 824 1288 893 insti-

54 994 143 1059 tutas
162 1016 241 1063 essa
264 997 304 1063 ut
328 992 486 1084 jucunda
505 997 539 1061 et
565 991 653 1061 elata
670 990 956 1082 exprimerentur,
984 988 1043 1057 sed
1069 992 1107 1056 ut
1128 986 1289 1055 materies

55 1151 191 1221 subtilis
216 1160 253 1223 et
268 1154 539 1244 circumscripta
559 1150 790 1242 disputatoriis
805 1150 1028 1241 praeberetur.
1042 1150 1161 1239 ltaque
1173 1146 1293 1217 existi-

57 1313 139 1381 mari
154 1313 238 1383 licet
260 1315 351 1383 hanc
367 1313 530 1404 colloquii
545 1318 680 1403 partem
695 1312 752 1380 eui
764 1311 866 1379 hodic
881 1310 1055 1402 praecipue
1079 1308 1288 1378 attendimus

58 1472 195 1541 Golhert
221 1479 257 1543 et
278 1476 325 1544 Le
353 1476 451 1543 Brun
472 1474 689 1564 neglecturos
712 1472 831 1554 fuisse,
857 1471 886 1539 si
910 1470 1013 1538 aliam
1035 1468 1234 1560 disputandi
1256 1472 1291 1536 et

58 1630 204 1701 docendi
218 1632 313 1701 viam
328 1633 556 1702 invenissent.

101 1792 240 1861 Harum
272 1794 534 1863 contentionum
571 1793 704 1884 aliquot
733 1795 959 1860 monumenta
988 1791 1187 1860 etiamnunc
1217 1812 1291 1859 ser-

60 1956 195 2022 vantur.
214 1954 262 2023 At
276 1975 383 2044 quum
403 1953 575 2021 orationes
598 1953 691 2043 ipsas
706 1974 792 2043 quas
806 1956 952 2041 egerunt
965 1949 1165 2019 Academici
1188 1949 1293 2017 habe-

62 2132 149 2197 mus,
170 2114 279 2182 verba
298 2137 318 2181 a
342 2112 494 2182 Felibien
515 2114 571 2181 vel
587 2137 607 2181 a
625 2112 774 2181 Testelin
789 2112 843 2180 vel
863 2135 883 2179 a
901 2110 1023 2202 quovis
1039 2109 1104 2177 alio
1121 2112 1284 2198 corrupta

64 2270 103 2337 ad
131 2294 196 2341 nos
217 2272 436 2341 solummodo
455 2276 704 2363 perveneruut;
732 2271 823 2340 unde
842 2271 881 2337 fit
906 2275 945 2339 ut
967 2269 1010 2338 de
1033 2268 1088 2336 his
1119 2290 1223 2359 quam
1247 2267 1290 2337 de

65 2431 278 2501 orationibus
322 2434 456 2500 minore
494 2431 696 2501 auctoritate
734 2430 849 2500 dicere
885 2429 1071 2522 possimus.
1114 2430 1292 2513 Attamen,

65 2590 197 2661 etiamsi
227 2593 380 2663 Felibien
401 2591 674 2661 contemnendus
700 2592 756 2678 sit,
782 2591 906 2659 caluit
928 2590 1129 2680 simplicitas
1155 2594 1189 2657 et
1211 2611 1295 2658 cura

66 2748 204 2821 Henrici
234 2751 394 2834 Testelin,
424 2772 567 2819 munere
601 2750 733 2819 scribae
758 2751 795 2818 in
817 2749 1006 2818 Academia
1027 2748 1153 2833 innoti,
1191 2751 1229 2815 ut
1261 2746 1293 2813 ei

44 2930 155 2999 saepe
186 2911 431 2981 confidendum
468 2911 513 2979 sit
542 2911 601 3001 (2).
629 2910 757 2980 Guillet
785 2909 826 2979 de
847 2909 1116 2998 Salat-Georges
1140 2929 1294 2998 qnoque,

71 3090 175 3156 quum
193 3072 354 3140 historias
371 3071 646 3161 disputationum
670 3071 784 3156 refert,
806 3092 846 3137 eo
862 3068 993 3158 majore
1008 3066 1076 3135 fide
1091 3066 1217 3155 dignus
1237 3071 1291 3134 est

119 3570 158 3641 (ι)
184 3568 233 3625 cf.
262 3569 411 3625 Felibien.
434 3568 687 3625 Conferences...
713 3568 867 3623 Premiere
890 3567 1067 3629 confe'rence
1092 3583 1100 3622 ε
1125 3586 1187 3621 a...
1216 3565 1300 3620 Tous

72 3662 321 3739 s’approeherent
334 3684 415 3739 pour
427 3667 456 3722 le
470 3665 649 3722 considerer
663 3667 704 3738 (le
718 3666 860 3737 tableau)
874 3666 945 3737 plus
959 3671 1165 3732 exactemeut,
1180 3669 1212 3719 et
1226 3670 1298 3718 tous

71 3760 211 3832 tugerent
230 3780 289 3836 quc
310 3764 341 3820 la
369 3764 465 3821 chose
487 3764 595 3819 n'ttait
619 3764 707 3836 point
732 3763 878 3820 dessiuee
912 3778 1035 3818 comme
1057 3778 1092 3819 ce
1115 3760 1301 3833 particulier

74 3856 260 3933 s’imuginait
279 3862 367 3918 dele
388 3862 491 3918 voir...
516 3879 550 3929 »3
579 3878 643 3918 «ce
663 3862 717 3933 qui
743 3862 823 3917 tuta
842 3861 958 3917 l‘heure
972 3864 1072 3916 meme
1087 3859 1226 3915 autorise
1241 3875 1301 3930 par

73 3953 125 4012 des
140 3960 299 4031 exemplos
315 3959 391 4014 tirts
408 3959 464 4016 des
477 3960 625 4015 tableaux
640 3959 696 4014 des
712 3959 782 4031 plus
794 3958 912 4031 grands
927 3963 1056 4014 maltres
1071 3958 1125 4029 qui
1138 3963 1210 4011 sont
1220 3956 1301 4011 dans

72 4050 98 4107 le
120 4057 251 4113 cabinet
263 4056 302 4113 de
319 4056 361 4113 Sa
380 4057 524 4131 Majeste,
542 4065 573 4112 et
598 4056 674 4113 dont
696 4058 757 4112 l'on
773 4056 919 4112 examina
933 4062 1036 4111 tontes
1051 4055 1097 4111 les
1113 4055 1231 4127 parties
1246 4054 1302 4127 qui

73 4156 239 4222 pouvaient
252 4156 351 4213 servir
366 4158 386 4211 a
400 4155 551 4212 rescudrc
565 4156 596 4211 la
616 4156 760 4228 question
780 4172 841 4228 que
856 4155 916 4209 l'on
928 4155 1015 4210 avait
1024 4154 1162 4226 agitee...
1176 4170 1194 4206 »
1208 4184 1241 4195 -
1253 4153 1301 4210 Cf.

76 4248 185 4311 Guillet
198 4253 237 4310 de
253 4254 502 4326 saint-Georges.
515 4254 682 4309 Memoires
694 4252 819 4309 inedits.
836 4253 873 4321 ll,
887 4270 921 4325 p.
939 4252 993 4323 248
1008 4270 1043 4307 :«
1058 4253 1145 4308 Dans
1157 4252 1186 4307 le
1199 4259 1302 4322 temps

75 4364 131 4420 que
145 4351 186 4407 M.
203 4352 243 4409 de
261 4353 479 4427 Champaigne
504 4352 623 4424 parlait
646 4352 739 4420 ainsi,
754 4350 801 4407 M.
819 4351 862 4407 Le
877 4352 960 4406 Brun
980 4351 1087 4406 l’avait
1099 4350 1302 4420 interrompu,

76 4454 104 4501 et
128 4459 263 4523 prenant
289 4450 320 4508 la
347 4452 452 4523 parole
479 4466 517 4506 en
543 4449 653 4507 favour
684 4449 723 4506 de
753 4450 795 4505 M.
825 4448 868 4504 Le
896 4448 1068 4503 Poussin...
1093 4446 1135 4502 M.
1156 4447 1197 4502 Le
1219 4446 1302 4501 Brun

77 4557 170 4618 ayant
183 4550 237 4606 fini
252 4550 292 4606 de
306 4550 337 4605 13
353 4557 447 4618 sorte,
463 4550 506 4604 M.
518 4550 558 4605 de
573 4548 789 4621 Champaigne
804 4546 891 4603 avait
905 4547 1005 4618 repris
1019 4546 1054 4601 la
1065 4544 1217 4617 parole...
1238 4564 1252 4596 »

125 4674 166 4746 (a)
180 4672 231 4731 Gt.
248 4674 288 4731 de
300 4675 360 4731 hac
373 4690 406 4731 re
420 4690 517 4746 supra
528 4674 623 4741 dieta,
639 4691 674 4747 p.
698 4688 725 4745 7,
739 4672 772 4727 in
786 4670 1007 4729 adnotatione.
