3275 5167
872 476 1054 537 -114-

347 661 443 730 l'etat
475 661 517 729 de
551 664 637 730 cette
687 665 789 751 grdce
832 660 1086 730 concomitante
1132 682 1177 730 ou
1216 660 1354 731 aidante
1385 662 1441 751 qui
1482 662 1549 730 n'est

349 844 411 912 pas
444 822 474 889 si
510 821 679 891 eclatante
711 844 778 912 que
811 822 845 891 la
872 821 1039 913 premiere
1068 826 1102 890 et
1138 822 1198 912 qui
1234 845 1277 891 ne
1331 822 1475 892 soutieut
1503 844 1550 912 pas

351 1005 434 1051 avec
450 986 526 1051 tant
558 983 600 1053 de
627 984 733 1069 force,
764 1006 854 1052 nous
888 984 1137 1053 abandonnant
1169 988 1188 1051 a
1223 988 1458 1053 nous-memes
1481 1004 1552 1073 pour

351 1165 441 1212 nous
469 1144 552 1212 faire
590 1148 767 1213 connaitre
798 1148 899 1213 notre
932 1144 1123 1228 infirmite;
1163 1144 1251 1213 ainsi
1276 1144 1417 1213 l'action
1450 1144 1487 1212 de
1512 1148 1553 1211 cet

352 1327 440 1396 ange
473 1329 516 1375 ne
550 1312 660 1397 paralt
687 1330 749 1398 pas
781 1306 810 1375 si
839 1306 988 1375 violente
1035 1329 1101 1397 que
1144 1304 1228 1376 cells
1271 1305 1317 1375 du
1371 1307 1509 1396 premier
1529 1332 1551 1372 r.

352 1467 530 1536 Postremo
561 1494 578 1532 u
600 1466 631 1536 le
666 1468 840 1536 troisieme
875 1490 962 1559 unge
991 1469 1051 1559 qui
1080 1492 1100 1535 a
1136 1468 1167 1537 le
1199 1490 1301 1559 corps
1349 1468 1440 1537 droit
1475 1471 1504 1537 et
1531 1466 1555 1533 le

352 1629 469 1719 visage
506 1650 652 1719 presque
684 1629 726 1699 de
759 1628 866 1715 frent,
919 1630 979 1718 qui
1032 1627 1176 1719 regardo
1223 1628 1424 1698 Saint-Paul
1452 1650 1490 1696 en
1517 1627 1555 1695 lui
1624 1642 1625 1651 ³

352 1795 528 1858 montrant
549 1790 591 1858 de
620 1790 653 1857 la
680 1791 773 1859 main
802 1789 912 1859 droite
941 1788 974 1857 la
998 1788 1142 1858 lumiere
1174 1789 1216 1858 de
1248 1788 1283 1857 la
1318 1789 1429 1880 gleire
1457 1794 1488 1858 et
1510 1788 1555 1879 qui

353 1950 395 2019 de
428 1949 549 2019 l'autre
577 1951 657 2020 bras
685 1952 837 2020 soutient
870 1951 903 2019 la
939 1950 1033 2019 main
1063 1951 1105 2020 de
1139 1973 1177 2019 ce
1208 1950 1310 2037 saint,
1342 1951 1452 2042 figure
1483 1950 1557 2018 l’ttut

353 2112 477 2203 parlait
505 2116 539 2179 et
562 2117 721 2182 constant
750 2110 791 2180 de
820 2116 906 2181 cette
931 2116 1032 2203 grace
1058 2112 1251 2181 abundante
1280 2117 1314 2180 et
1344 2111 1558 2203 triumphante

355 2274 414 2362 qui
449 2294 681 2364 accompagne
708 2272 757 2340 les
786 2271 860 2341 elus
897 2294 939 2341 en
977 2278 1066 2341 cette
1097 2272 1164 2355 vic,
1199 2272 1258 2362 qui
1289 2271 1337 2341 les
1378 2273 1558 2343 soutientct
1625 2267 1626 2318 3

353 2434 403 2503 les
431 2433 574 2523 regards
606 2433 765 2523 toujours
798 2455 887 2523 pour
924 2431 973 2500 les
1015 2454 1134 2501 mener
1169 2439 1189 2500 t
1223 2455 1291 2501 une
1326 2432 1374 2500 fin
1409 2432 1560 2501 bienheu-
1625 2411 1626 2494 J

351 2617 451 2663 reuse
473 2619 502 2663 n.

398 2756 476 2822 Non
505 2754 676 2823 contendo
697 2754 838 2844 quidem
862 2754 936 2823 haec
956 2755 1072 2822 omnia
1088 2754 1277 2825 subtilitate
1297 2736 1453 2845 quadam
1473 2755 1558 2823 adno-

351 2921 422 2984 tata
444 2939 548 2999 esse;
579 2938 649 2983 non
679 2913 793 2983 stolidi
832 2914 965 3005 ingenii
1001 2920 1052 2983 est
1082 2916 1193 2985 tribus
1223 2914 1368 2985 diversis
1392 2934 1559 3008 corporum

354 3077 639 3168 dispositionibus
664 3075 730 3143 tria
758 3075 878 3167 gratiae
906 3096 1033 3166 genera
1063 3076 1303 3167 assignavissc,
1328 3078 1517 3168 praesertim
1539 3074 1560 3141 si

352 3242 490 3328 reputes
524 3234 691 3326 quidquid
725 3234 848 3325 cuique
875 3233 996 3324 gratiae
1024 3239 1058 3302 et
1090 3234 1308 3326 dispositioni
1342 3239 1561 3306 membrorum
1624 3264 1625 3267 ¹

350 3418 535 3465 commune
558 3396 602 3463 sit
628 3395 774 3464 fideliter
797 3400 831 3464 et
859 3400 979 3486 argute
1013 3394 1286 3467 demonstratum
1310 3420 1396 3468 esse.
1421 3398 1487 3469 Sed
1514 3417 1562 3465 cur

353 3557 519 3625 Nicolaus
545 3556 691 3624 Poussin
721 3579 791 3624 non
818 3556 922 3625 modo
951 3560 1021 3624 tres
1044 3556 1297 3645 pulcherrimos
1319 3559 1474 3650 angelos,
1495 3576 1562 3626 vero
1624 3640 1625 3643 Ἴ

352 3718 455 3787 etiam
483 3717 581 3785 varia
616 3716 734 3807 gratiae
762 3738 891 3806 genera
918 3715 1080 3808 effingere
1112 3717 1272 3804 voluerit,
1312 3724 1372 3787 aut
1392 3735 1463 3809 ¹pro
1493 3736 1561 3785 vero

359 3879 558 3949 habendum
581 3879 625 3946 sit
644 3878 785 3968 angelos
804 3877 924 3967 gratiae
943 3878 1075 3969 species
1094 3878 1232 3967 referre,
1255 3879 1398 3949 Carolus
1418 3880 1465 3948 Le
1480 3880 1563 3948 Brun

323 4020 326 4025 ’
353 4042 496 4110 minime
510 4037 694 4121 disseruit;
712 4036 805 4128 quod
826 4037 855 4105 si
870 4038 1019 4124 fecisset,
1037 4039 1110 4129 jam
1125 4038 1238 4107 omnis
1253 4037 1436 4129 disciplina
1444 4037 1563 4127 dilapsu

353 4208 453 4272 esset.
471 4205 590 4291 ltaque
608 4199 857 4289 vituperandus
879 4199 1033 4289 estquod
1048 4200 1233 4268 Nicolaum
1248 4199 1396 4268 Poussin
1411 4198 1517 4268 voluit
1530 4195 1562 4261 dc

351 4364 504 4432 minimis
524 4360 698 4431 curavisse
717 4384 724 4444 ;
741 4361 912 4427 incertum
933 4382 1014 4429 vero
1036 4364 1087 4428 est
1106 4383 1150 4429 an
1164 4382 1320 4451 unquam
1344 4361 1401 4428 hic
1424 4356 1562 4452 praecla-

353 4526 513 4593 rissimus
533 4523 667 4602 artilex,
706 4519 862 4587 tabulam
895 4541 992 4587 suam
1009 4542 1232 4610 componens,
1255 4520 1348 4590 aliud
1364 4522 1429 4590 sibi
1451 4539 1562 4612 propo-

358 4684 465 4749 suerit
480 4705 520 4749 ac
535 4680 723 4767 imaginem
739 4675 857 4749 Sancti
874 4676 970 4745 Pauli
983 4679 1018 4746 in
1028 4679 1161 4749 coelum
1176 4680 1278 4772 rapti.
