3275 5167
628 440 788 505 ..57-

86 620 134 687 Hi
174 618 318 711 quidem
348 644 403 689 res
435 621 652 691 lineamentis
690 624 806 691 minus
839 646 943 713 quam
971 624 1101 695 lumine
1131 626 1321 695 coloribus-

85 802 159 869 que
199 781 330 873 adspici
368 782 423 851 vel
465 782 569 851 etiam
618 783 779 852 exsistere
825 807 914 875 saepe
955 786 1111 854 arbitrati
1153 792 1245 872 sunt,
1281 792 1320 856 ut

84 946 256 1009 naturam
290 942 326 1009 in
355 944 481 1012 tabulis
511 967 581 1013 non
615 944 761 1035 exprimi
783 944 891 1012 velint
920 946 986 1014 nisi
1015 946 1107 1015 nitor
1136 951 1170 1015 et
1195 948 1321 1016 umbra

84 1102 315 1187 reddantur;
349 1103 464 1193 itaque
506 1128 577 1173 non
618 1109 689 1173 tam
732 1106 899 1175 rotundas
944 1106 997 1175 vel
1035 1107 1221 1197 quadratas
1265 1130 1318 1175 res

84 1267 167 1313 esse
205 1246 458 1315 contenderunt
486 1270 590 1337 quam
623 1248 745 1315 rubras
777 1248 833 1317 vel
866 1248 961 1317 albas
1000 1250 1055 1316 vel
1097 1250 1221 1340 quovis
1250 1248 1317 1318 alio

83 1404 210 1473 colore
241 1406 458 1496 conspicuas.
490 1408 686 1496 Antequam
718 1408 866 1477 formam
894 1410 1044 1495 videant,
1076 1410 1171 1478 color
1198 1432 1318 1479 eorum

81 1566 215 1637 oculos
242 1573 400 1659 occupat.
436 1570 483 1636 At
517 1574 639 1637 contra
665 1574 699 1637 et
730 1570 875 1640 Carolus
904 1571 951 1638 Le
980 1572 1075 1641 Brun
1110 1577 1143 1641 et
1169 1572 1321 1662 pruden-

82 1728 250 1795 tissimus
286 1729 431 1817 quisque
461 1729 593 1815 artilex,
625 1740 723 1797 xvn¹¹¹⁰
750 1730 891 1815 3333313,
914 1730 1123 1799 lineamenta
1151 1733 1187 1798 in
1216 1733 1319 1802 rebus

81 1893 121 1956 et
153 1887 356 1957 hominibus
384 1890 560 1980 praecipua
595 1912 669 1958 esse
705 1891 917 1975 volueruut;
950 1890 1083 1960 colores
1116 1896 1230 1959 autem
1262 1892 1319 1960 vix

81 2047 425 2135 animadverterunt,
464 2055 498 2119 et
531 2052 685 2118 contenti
716 2051 858 2120 luerunt
898 2052 927 2119 si
962 2052 1120 2141 perlectae
1159 2051 1319 2141 graphidi

82 2211 227 2279 colores
264 2207 440 2300 jucundos
469 2214 503 2277 et
530 2210 616 2278 bene
651 2211 860 2301 compositos
889 2210 1093 2279 addiderint.

135 2372 257 2459 ltaque
298 2375 554 2453 ornamentum,
599 2393 669 2438 non
707 2371 867 2439 materies
907 2372 1064 2461 picturae,
1099 2371 1194 2440 color
1236 2376 1320 2440 tunc

82 2531 235 2601 habitus
270 2535 334 2598 est.
384 2530 495 2613 Quem
534 2530 658 2599 imitati
698 2531 786 2599 nihil
827 2531 922 2601 aliud
967 2556 1007 2601 ac
1055 2533 1318 2601 delectationem

82 2690 280 2783 quamdam
309 2690 490 2759 oculorum
521 2690 587 2758 sibi
615 2696 874 2782 proposuerunt
900 2691 1062 2781 pictores,
1104 2692 1206 2775 Quod
1235 2693 1318 2761 satis

81 2856 229 2921 constat
261 2875 301 2921 ex
330 2852 384 2919 his
414 2851 529 2919 verbis
562 2874 639 2942 quae
668 2851 762 2920 haud
790 2853 896 2921 semel
924 2854 960 2920 in
993 2875 1112 2921 eorum
1152 2855 1317 2921 orationi-

81 3014 158 3081 bus
193 3012 444 3081 inveniuntur:
483 3036 498 3079 (
533 3012 567 3079 13
604 3012 692 3080 belle
724 3017 861 3082 entente
890 3013 949 3081 des
979 3012 1195 3098 couleurs...,
1230 3013 1313 3081 faire

82 3176 242 3264 paraltre
271 3176 598 3262 evantageusement
629 3171 679 3239 les
704 3172 804 3262 jours
831 3177 866 3241 et
892 3172 941 3241 les
970 3173 1164 3257 ombres...,
1200 3172 1316 3241 obser-

81 3354 152 3402 ver
198 3355 247 3401 un
285 3337 458 3401 contraste
500 3332 659 3423 agre'able
702 3338 736 3400 et
774 3332 952 3424 judicieux
984 3357 998 3400 n
1037 3332 1096 3425 (l).
1136 3334 1184 3403 Ut
1218 3335 1313 3402 omni

143 3663 268 3736 (1)Heec
273 3662 400 3737 quidem
408 3664 506 3721 verba
516 3665 911 3737 eFelibien(Conferences,
922 3665 955 3721 in
963 3664 1158 3738 praefatione)
1167 3671 1314 3736 excerpta

83 3769 184 3820 sunt:
200 3762 255 3818 sed
279 3762 311 3817 in
335 3763 531 3819 orationibus
556 3763 815 3821 Academicorum
836 3764 947 3820 eadem
964 3762 1114 3835 reperias
1137 3762 1315 3819 sexcenties

81 3862 222 3933 legitur:
244 3882 258 3914 (
273 3862 302 3916 13
325 3862 488 3918 charmant
513 3861 646 3934 pinceau
665 3862 707 3918 du
726 3862 837 3931 litteo,
851 3862 883 3918 la
897 3862 1001 3933 magie
1016 3861 1058 3916 du
1078 3860 1154 3916 clair
1169 3862 1283 3915 obscur
1298 3881 1311 3911 a

82 3976 161 4032 quae
175 3960 368 4032 voluptatem
382 3959 553 4033 quamdam
568 3961 727 4016 oculorum
749 3960 935 4033 significant.
948 3990 980 4001 -
996 3958 1043 4014 Cf.
1066 3957 1124 4013 Ph.
1147 3958 1187 4013 de
1202 3957 1314 4014 Cham-

81 4056 291 4131 paigne,loco
305 4057 434 4114 laudato
451 4074 489 4112 2«
503 4056 528 4112 ll
547 4060 611 4114 s’en
633 4065 743 4114 trouve
763 4058 837 4113 bien
854 4056 926 4130 plus
941 4057 995 4128 qui
1013 4064 1067 4111 ont
1083 4073 1124 4112 un
1138 4056 1221 4111 beau
1235 4055 1313 4111 faire

81 4172 127 4212 en
139 4154 271 4210 traitant
282 4155 328 4210 les
344 4156 497 4223 couleurs,
507 4172 670 4229 parceque
684 4155 841 4227 plusieurs
854 4154 1063 4227 s’appliquent
1075 4154 1313 4209 naturellement

82 4255 107 4307 a
126 4258 208 4307 cette
221 4251 300 4307 belle
316 4253 442 4308 couleur
454 4268 512 4324 per
526 4269 587 4308 une
597 4261 689 4326 pente
704 4252 778 4325 qu’il
792 4259 846 4307 ont
860 4268 898 4307 en
913 4254 1104 4308 eux-memes
1123 4267 1202 4323 pour
1217 4247 1312 4305 cebet

82 4349 172 4405 eolat
186 4348 341 4405 exterieur
355 4350 409 4422 qni
420 4350 488 4405 leur
501 4351 612 4406 touche
623 4352 651 4406 le
661 4367 746 4405 coeur
762 4370 787 4403 a.
803 4380 839 4391 -
853 4348 900 4406 cf.
912 4350 954 4405 Le
977 4349 1071 4417 Brun,
1081 4348 1150 4404 loco
1162 4346 1311 4402 laudato:

81 4466 103 4502 «
116 4447 154 4502 Je
168 4447 315 4504 demeure
331 4447 471 4504 d’accord
492 4448 603 4521 qu’elle
626 4448 735 4519 (color)
756 4447 917 4503 contribue
933 4454 964 4501 et
984 4447 1056 4501 aide
1077 4446 1150 4501 alui
1166 4443 1314 4517 (tabulae)

83 4546 209 4601 donner
223 4544 255 4601 la
269 4544 410 4602 derniere
423 4545 603 4619 perfectiori,
616 4546 655 4601 de
667 4548 767 4601 meme
781 4562 842 4618 que
860 4544 892 4599 13
906 4543 1019 4599 beaute
1031 4543 1075 4599 du
1097 4542 1174 4598 teint
1193 4541 1311 4598 acheve

85 4644 129 4703 de
143 4642 264 4699 donner
277 4644 309 4700 la
320 4644 492 4717 perfection
506 4660 548 4700 33
562 4644 672 4717 visage
683 4645 707 4697 n.
