3275 5167
797 477 976 540 *122-

273 661 455 732 similiores
483 661 619 732 1111111
653 663 772 746 111111,
808 662 837 731 11
877 663 993 754 potius
1030 685 1048 731 1
1087 660 1264 730 communi
1309 659 1501 751 disciplina

273 846 377 914 quam
409 847 426 890 1
456 823 624 912 cujusque
656 827 778 891 natura
814 823 960 892 virtutes
990 822 1189 892 tabularum
1237 823 1506 914 sumpsissent?

276 982 447 1065 Quoniam
496 987 625 1068 autem,
668 989 851 1075 postquam
898 983 991 1052 idem
1029 983 1192 1052 omnibus
1229 982 1371 1075 placuit,
1413 983 1508 1052 alius

278 1143 379 1212 aliam
426 1143 533 1228 viam,
574 1147 677 1234 prout
713 1141 828 1228 libuit,
877 1145 1054 1234 ingressus
1092 1148 1156 1226 est,
1185 1143 1405 1213 manifestum
1449 1148 1508 1212 est

276 1307 448 1396 praecepta
476 1301 518 1370 cd
554 1302 689 1371 tabulas
718 1304 977 1395 componendas
1005 1304 1147 1373 minime
1175 1302 1336 1374 valuisse.

320 1466 438 1555 ltaque
470 1463 584 1534 Caroli
614 1463 662 1534 Le
701 1465 795 1534 Brun
830 1465 1013 1557 disciplina
1040 1470 1075 1535 11
1099 1488 1207 1558 prava
1230 1465 1297 1534 fuit
1326 1471 1359 1533 11
1382 1465 1508 1534 multis

279 1624 399 1695 nocuit
444 1647 450 1693 :
499 1647 579 1692 nam
625 1625 785 1715 quamvis
828 1624 1017 1695 elatissima
1051 1627 1191 1717 ingenia
1237 1630 1508 1718 praceptorum,

278 1790 463 1878 postquam
507 1806 543 1854 se
588 1787 684 1877 operi
736 1785 919 1872 dederunt,
970 1786 1233 1873 obliviscantur,
1277 1786 1511 1856 imbecilliora

277 1951 393 2016 tamen
431 1947 539 2038 jussis
589 1946 735 2016 fideliter
782 1948 1021 2038 obsequuntur
1076 1972 1083 2016 ι
1132 1949 1258 2038 quibus
1301 1948 1331 2016 si
1361 1946 1507 2016 libertas

278 2108 398 2178 relicta
427 2112 527 2194 11111,
567 2107 713 2176 11111111
746 2129 864 2176 veram
892 2131 964 2177 suae
994 2112 1128 2178 naturae
1153 2109 1246 2177 viam
1276 2109 1506 2194 invenissent,

279 2273 324 2356 et,
364 2268 406 2338 ad
448 2269 583 2337 minora
624 2269 815 2352 tendentes,
865 2292 937 2337 non
982 2270 1200 2362 aspernanda
1232 2270 1404 2339 fecissent.
1438 2270 1511 2338 Sed

278 2429 360 2519 quia
388 2451 592 2520 persuasum
622 2429 822 2501 111111111
849 2430 942 2520 quod
979 2454 998 2498 a
1036 2430 1243 2522 gravissimo
1290 2435 1324 2498 et
1355 2430 1509 2498 celeber-

279 2590 368 2657 rimo
397 2589 563 2681 magistro
597 2595 801 2681 acceperant
840 2613 944 2682 quam
981 2592 1151 2683 optimum
1198 2614 1286 2676 esse,
1326 2614 1396 2658 non
1430 2591 1508 2680 jam

283 2749 372 2818 effici
405 2748 521 2839 potuit
558 2754 596 2818 ut
632 2751 771 2840 signum
809 2773 913 2820 suum
953 2751 1016 2820 ulli
1058 2753 1107 2821 rei
1138 2752 1406 2844 imprimerent;
1448 2752 1513 2819 sed

281 2909 528 2980 commendatis
593 2910 760 2980 serviliter
816 2911 1043 2981 inhaeserunt.
1096 2911 1211 2994 Quare
1260 2907 1330 3002 quo¹
1377 2911 1513 2981 durius

283 3095 403 3142 eorum
446 3072 625 3162 ingenium
663 3095 868 3164 oppressum
913 3077 964 3141 est
1005 3096 1045 3142 eo
1088 3073 1269 3142 nocentior
1314 3078 1514 3165 praeceptor

282 3231 359 3302 fuit.
397 3233 489 3323 Ergo
531 3231 811 3330 concludendum
853 3237 906 3301 est
942 3231 1088 3301 neminis
1126 3231 1344 3323 disciplinam
1381 3233 1516 3301 certius

285 3390 473 3482 discipulos
507 3390 705 3482 corrupisse
738 3414 842 3480 quam
881 3392 1096 3461 severissime
1126 3416 1146 3459 a
1178 3391 1299 3459 Carolo
1334 3391 1382 3460 Le
1415 3392 1519 3460 Brun

282 4099 509 4156 contentionem
535 4115 552 4152 «
580 4097 799 4154 1111111111»
827 4104 930 4153 ortam
956 4104 1114 4152 narrante.
1142 4095 1204 4152 Sed
1240 4094 1268 4150 si
1291 4095 1469 4156 'orationes
1501 4115 1522 4153 a

285 4197 426 4269 Philippo
455 4196 494 4252 de
523 4195 736 4268 Champaignc
764 4195 796 4250 in
818 4195 990 4252 Academia
1015 4194 1142 4250 habitas
1168 4193 1293 4266 legeris,
1330 4193 1399 4265 jam
1427 4209 1525 4250 error

283 4295 468 4352 manifestus
496 4293 563 4350 erit.
589 4293 634 4349 De
662 4292 826 4365 graphidis
853 4293 1021 4348 virtutibus
1045 4299 1076 4348 et
1103 4298 1171 4347 tota
1193 4290 1322 4363 picturae
1347 4289 1524 4362 disciplina

285 4393 459 4450 consentire
482 4390 634 4447 solebant.
649 4421 685 4432 -
705 4391 796 4446 Nulla
814 4390 1056 4463 oratiounquam
1087 4407 1106 4445 a
1128 4389 1264 4446 Mathaeo
1283 4388 1325 4444 Le
1341 4387 1424 4443 Nain
1446 4398 1524 4446 acta

286 4501 344 4548 est.
362 4491 422 4547 Sed
435 4490 510 4564 quia
531 4488 707 4544 Academiae
731 4489 965 4561 aggregabatur
985 4496 1017 4543 11
1039 4486 1230 4544 adversariis
1256 4486 1364 4543 Caroli
1392 4487 1524 4544 Lebrun

286 4589 533 4660 haudquaquam
546 4587 706 4658 plausisse
720 4585 854 4654 videtur,
870 4586 1016 4641 existimo
1031 4602 1102 4642 eum
1117 4583 1290 4656 disciplinae
1304 4591 1377 4640 tunc
1396 4584 1524 4657 vigenti

287 4701 453 4742 assensum
470 4698 552 4740 esse,
