3275 5167
872 432 1030 496 ..63-

339 636 485 683 numero
501 615 700 684 absolutum
716 637 803 705 opus
819 616 1017 702 conficiant,
1035 618 1146 708 primo
1166 641 1303 686 summa
1323 623 1396 687 arte
1412 642 1463 688 res
1478 619 1544 688 deli-

337 779 442 845 neant
459 798 466 860 ;
484 775 607 845 deinde
621 798 745 845 manus
760 780 794 846 et
810 776 991 845 oculorum
1014 779 1130 868 potins
1147 801 1250 868 quam
1267 779 1431 870 Xingenii
1452 780 1543 848 subti-

337 938 431 1006 litate
460 937 614 1007 tabulam
643 937 715 1027 jorn
745 936 972 1027 compositam
993 938 1100 1007 variis
1129 944 1162 1007 et
1191 939 1355 1021 iucundis
1384 940 1542 1009 coloribus
1614 956 1615 961 ’

335 1104 471 1184 ornant,
500 1101 604 1169 modo
631 1122 820 1191 puerorum
849 1100 908 1191 qui
941 1101 984 1169 ab
1018 1101 1093 1170 aliis
1128 1101 1299 1170 delineata
1319 1125 1425 1192 quam
1458 1101 1545 1170 laetis·

334 1260 421 1329 sime
454 1260 627 1330 coloribus
651 1260 803 1329 illinunt.
836 1260 952 1347 Quare
981 1261 1124 1331 Carolus
1155 1263 1202 1331 Le
1232 1264 1327 1333 Brun
1357 1263 1542 1332 acutissime

334 1422 402 1489 hoc
448 1421 626 1512 graphidis
671 1426 705 1489 el
752 1421 909 1490 colorum
957 1446 1041 1491 usus
1093 1422 1281 1492 discrimen
1332 1422 1543 1515 significavit,

332 1586 518 1673 postquam
551 1581 626 1650 haec
657 1582 763 1651 verba
796 1582 958 1673 scripsit:
992 1608 1007 1651 1
1041 1583 1093 1651 En
1136 1606 1184 1652 un
1222 1588 1294 1651 mot
1332 1587 1410 1651 tout
1454 1583 1542 1673 l'apa-
1615 1597 1616 1646 4

333 1765 420 1834 nege
446 1743 488 1812 de
522 1742 554 1811 la
584 1743 728 1813 couleur
758 1747 811 1811 est
840 1743 881 1812 de
913 1743 1080 1813 satisfaire
1113 1743 1163 1812 les
1192 1766 1283 1834 yeux
1314 1765 1358 1812 au
1387 1741 1458 1811 lieu
1490 1764 1544 1832 que

331 1903 362 1973 le
392 1903 507 1974 dessin
544 1903 690 1972 satisfait
723 1904 853 1995 l’esprit
887 1930 905 1969 u
936 1905 997 1993 (1).
1033 1904 1087 1973 Ad
1117 1904 1252 1974 minora
1276 1904 1370 1972 color
1412 1903 1542 1983 tendit;

332 2064 479 2133 minoris
508 2085 591 2154 ergo
625 2063 804 2133 faciendus
833 2068 896 2133 est.

375 2224 467 2294 ldem
494 2229 610 2293 tamen
641 2225 885 2294 celeberrimus
904 2223 1014 2316 pictor
1043 2225 1135 2315 quod
1166 2225 1255 2295 Galli
1278 2251 1293 2292 1
1314 2226 1539 2317 expression»

330 2390 460 2455 vocant
509 2386 551 2454 ad
598 2387 708 2455 nubes
754 2385 919 2456 extollens
968 2386 1127 2456 voluerat
1168 2386 1253 2455 illud
1307 2387 1435 2455 coloris
1485 2408 1545 2454 non

332 2547 447 2615 minus
490 2567 593 2636 quam
635 2546 815 2638 graphidis
851 2546 1023 2638 particeps
1074 2568 1172 2616 esse:
1216 2571 1231 2615 1
1273 2548 1543 2638 L‘expression...

331 2706 457 2796 inquit,
494 2709 546 2773 est
580 2707 772 2775 necessaire
799 2712 832 2776 et
871 2712 966 2776 entre
1000 2708 1086 2777 dans
1122 2712 1234 2777 toutes
1265 2707 1314 2775 les
1352 2706 1478 2797 parties
1511 2704 1545 2772 (16
1615 2655 1616 2662 i

330 2868 363 2935 la
389 2867 604 2958 peinture....
650 2867 714 2935 elle
753 2872 806 2936 est
849 2869 942 2937 aussi
981 2869 1061 2937 bien
1102 2868 1188 2937 dans
1230 2869 1263 2937 la
1305 2868 1450 2937 couleur
1489 2888 1546 2957 quc
1615 2921 1616 2924 ,

329 3026 416 3094 dans
455 3026 487 3095 16
520 3025 720 3094 dessio...»
762 3025 809 3116 (2)
858 3026 959 3096 Unde
1011 3026 1178 3117 suspicari
1221 3025 1430 3113 licetillum
1484 3046 1545 3091 non

329 3186 441 3253 solum
471 3186 581 3255 oculis
610 3184 786 3276 jucundos
827 3185 886 3255 sed
921 3186 1024 3254 etiam
1060 3187 1310 3255 sententiarum
1346 3182 1546 3277 expositioni

329 3345 544 3415 necessarios
572 3369 646 3416 esse
675 3344 810 3415 colores
840 3346 1101 3417 existimavisse.
1123 3348 1237 3433 Quam
1267 3346 1471 3416 sententiam
1509 3342 1545 3411 ad
1614 3372 1615 3377 ¹

329 3533 445 3580 rerum
496 3509 676 3578 veritatem
718 3507 880 3578 accedere
922 3508 1041 3576 credas
1086 3508 1115 3576 si
1149 3531 1226 3599 quae
1277 3508 1472 3577 Academiae
1509 3504 1544 3571 de
1615 3601 1616 3604 Ἴ

330 3669 446 3739 661616
482 3668 690 3760 placuerunt
740 3668 888 3758 legeris:
927 3692 941 3735 ‹<
978 3666 1032 3737 On
1061 3666 1145 3751 doit,
1192 3666 1331 3735 suivant
1368 3688 1416 3733 un
1451 3666 1544 3754 juge·

329 3834 425 3898 rnent
457 3829 587 3919 degage
620 3828 662 3897 de
694 3831 806 3897 toules
834 3826 1068 3917 proventione,
1102 3827 1186 3895 faire
1217 3826 1318 3895 choix
1348 3825 1408 3893 des
1456 3824 1543 3892 effets

328 3990 481 4059 naturels
510 3989 570 4081 qui
603 4011 640 4058 se
671 3992 875 4080 rapportent
910 3988 1025 4056 mieux
1064 4011 1130 4057 aux
1160 3986 1270 4079 regles
1308 3986 1350 4054 de
1391 3985 1478 4069 l’art,
1512 4003 1543 4049 se

378 4521 420 4591 (1)
434 4519 490 4575 Ch.
502 4519 545 4575 Le
559 4515 655 4574 Brun.
671 4514 861 4573 sentiments
876 4530 930 4567 sur
943 4512 972 4567 le
986 4511 1129 4567 discours
1138 4510 1181 4566 du
1192 4510 1300 4566 merite
1314 4509 1354 4566 de
1369 4510 1401 4565 la
1414 4508 1538 4565 couleur.

378 4643 423 4716 (a)
438 4640 498 4697 Ch.
525 4642 567 4697 Le
593 4641 686 4695 Brun.
703 4636 895 4707 Expression
908 4634 966 4690 des
981 4634 1129 4706 passions
1143 4635 1188 4704 (in
1200 4632 1377 4706 prooemio).
