3275 5167
594 532 769 593 ..3-

77 759 219 827 forsitan
264 760 421 827 effecerat
465 758 592 827 retulit.
642 760 681 827 ln
730 759 818 827 libro
853 758 940 849 ejus,
989 759 1057 843 vel,
1098 763 1137 827 ut
1178 759 1294 829 verius

74 917 205 1007 loquar,
240 918 277 985 in
305 917 449 985 oonsilio
483 917 583 987 istius
603 918 727 1010 perditi
756 919 837 986 libri
867 941 969 1009 quem
1013 918 1116 987 Hulst
1141 919 1296 988 imitatus

74 1100 144 1146 esse
172 1077 324 1163 videtur,
359 1080 512 1149 secunda
543 1103 623 1171 pers
653 1080 906 1171 colloquiorum
940 1079 1093 1148 historiae
1140 1080 1296 1170 assigne-

72 1238 170 1307 bstur
192 1239 252 1331 (l)
279 1241 326 1308 At
355 1241 521 1330 quoniam
545 1264 616 1310 non
643 1242 717 1332 jem
751 1242 794 1310 ab
825 1240 974 1309 Henrico
1006 1263 1074 1308 ven
1103 1240 1207 1309 Hulst
1242 1240 1295 1309 vel

73 1424 91 1465 6
122 1401 283 1470 lohanne
320 1403 395 1472 Rou
431 1402 559 1494 scripta
592 1404 704 1495 legere
736 1427 935 1495 possumne,
976 1403 1076 1472 nobis
1105 1404 1188 1471 sotis
1233 1401 1297 1469 erit

74 1564 257 1631 retractare
290 1561 498 1631 documenta
530 1585 606 1653 quae
629 1564 847 1655 reperiuntur
871 1562 963 1654 apud
987 1563 1156 1653 quosdam
1182 1562 1296 1630 chiro·
1382 1600 1386 1605 ·

73 1724 224 1814 graphos
258 1724 340 1791 olim
373 1748 393 1791 a
436 1722 645 1793 doctissimis
691 1724 774 1793 viris
808 1729 842 1793 et
883 1726 1056 1816 praecipue
1103 1724 1145 1791 ab
1182 1724 1224 1791 Α.
1255 1721 1295 1790 (16

71 1884 284 1975 Montaiglon
319 1884 427 1954 editos
463 1886 522 1977 (2).
558 1888 655 1955 Tunc
684 1886 776 1954 enim
820 1885 994 1976 quomodo
1026 1890 1116 1953 natae
1161 1883 1231 1951 sint
1265 1888 1297 1953 et

73 2044 289 2114 accreverint
321 2046 583 2114 exercitationes
620 2046 874 2136 colloquiorum
889 2044 1138 2135 intellegemus.

112 2205 162 2271 Ex
209 2204 294 2294 ipsis
336 2202 532 2273 Acodemiae
565 2204 744 2290 institutis,
780 2227 871 2272 anno
909 2203 1147 2271 MDCXLVlll
1181 2201 1293 2289 editis,

73 2364 224 2453 perspici
258 2367 372 2453 potest
401 2364 558 2453 quaedam
590 2356 775 2454 colloquia¹
793 2364 830 2431 in
857 2369 1034 2454 posterum
1064 2367 1184 2454 parate
1206 2385 1292 2431 esse.

69 2524 157 2591 Nam
194 2524 262 2593 hoc
294 2526 331 2591 iu
360 2524 506 2593 articulo
535 2524 584 2593 lX
613 2546 772 2615 expresse
800 2530 1010 2616 praeceptum
1040 2530 1112 2593 erat
1142 2524 1200 2616 (3).
1249 2525 1295 2593 At

119 2927 281 2998 (·1)«...La
295 2926 589 3000 deuxiemmpartie)
602 2927 732 2983 traitera
746 2927 786 2983 de
800 2926 1057 2983 l’etablissement
1069 2926 1126 2982 des
1141 2927 1294 2983 66616166-

70 3040 122 3079 ces
130 3033 162 3081 et
180 3025 237 3081 (166
252 3024 331 3081 16166
343 3023 386 3082 (16
396 3025 502 3081 Ρ61616
517 3026 619 3093 Boion,
635 3033 666 3081 et
680 3025 739 3081 elle
754 3025 1046 3082 embrusserodans
1069 3025 1098 3080 16
1113 3024 1180 3080 6661
1193 3024 1296 3080 reduit

68 3122 106 3177 de
120 3124 170 3178 six
182 3122 327 3179 discours
340 3124 426 3196 (quae
439 3124 609 3191 orationes,
624 3140 696 3180 meu
709 3123 837 3195 quidem
853 3123 1294 3190 sententic,erontnotissimae

67 3230 293 3294 praeceptorum
308 3222 423 3279 tabulae
443 3223 484 3278 ab
503 3222 634 3277 Henrico
652 3220 788 3277 Testelin
817 3221 1013 3293 compositae)
1037 3228 1104 3276 tout
1125 3220 1154 3276 le
1179 3220 1294 3277 recueil

67 3318 123 3373 des
145 3318 252 3376 divers
268 3327 299 3376 et
312 3320 487 3376 nombreux
513 3319 682 3375 entretiens
706 3327 796 3376 tenus
819 3318 1058 3391 regulierement
1083 3335 1142 3391 par
1157 3319 1294 3373 semaine

66 3416 147 3474 daus
167 3418 195 3474 le
210 3402 302 3473 couls
317 3418 356 3474 de
372 3419 528 3490 plusieurs
546 3418 662 3473 666666
682 3434 735 3473 sur
755 3416 801 3473 les
823 3416 1009 3490 principaux
1031 3417 1194 3490 preceptes
1209 3416 1294 3471 (1616

66 3517 211 3586 peinture
224 3524 256 3573 61
270 3516 309 3573 (16
324 3516 355 3572 16
371 3516 538 3589 sculpture,
555 3524 586 3571 et
599 3515 692 3588 qu'on
706 3522 781 3587 peut
794 3514 861 3571 dire
887 3516 1026 3570 eontenir
1039 3531 1076 3570 en
1092 3514 1207 3587 abre‘ge
1220 3522 1292 3569 tous

66 3614 112 3669 les
128 3616 235 3670 beaux
247 3610 363 3670 s'eorets
378 3614 417 3670 de
430 3631 482 3670 ces
495 3614 605 3670 nobles
619 3620 693 3669 arts.
711 3634 724 3663 n
741 3614 906 3669 Menon-es
918 3613 953 3668 V.
965 3614 1003 3681 11,
1018 3631 1049 3685 p.
1068 3613 1110 3668 15.

118 3739 164 3812 (2)
178 3739 447 3795 Proces-verboux
458 3739 498 3795 de
511 3737 700 3794 l’Academie
714 3737 833 3809 Royale
856 3737 895 3793 de
916 3737 1059 3793 Peinture
1083 3745 1115 3793 et
1133 3737 1172 3793 de
1187 3736 1296 3810 Sculp-

67 3844 146 3893 ture.
159 3868 195 3879 -
206 3837 371 3894 Memoires
387 3837 501 3893 ine'dits
516 3853 595 3909 pour
607 3836 706 3891 servir
721 3839 740 3891 6
754 3836 905 3892 l'histoire
917 3836 956 3891 de
967 3836 1291 3907 l'AcodemieRoyale.

66 3963 101 3975 -
115 3934 261 3991 Relation
276 3935 315 3991 de
332 3950 365 3991 ce
380 3935 435 4007 qui
450 3934 525 3990 s'est
539 3932 635 4005 66666
650 3950 688 3989 66
701 3932 960 3989 1’6161)11666(6661
980 3933 1020 3988 (16
1047 3932 1237 3989 l'Aeademie
1249 3934 1293 4003 (in

66 4031 174 4089 Revue
189 4032 381 4089 Universelle
402 4032 458 4088 des
480 4034 565 4100 Arts,
583 4032 674 4088 annis
695 4030 903 4088 MDCCCLVI
928 4038 960 4087 61
985 4030 1227 4102 MDCCCLVll).
1258 4062 1294 4073 -

65 4129 234 4187 Memoires
244 4131 359 4187 1666116
375 4148 428 4187 sur
437 4130 470 4186 16
483 4131 534 4186 vie
546 4130 629 4186 61166
642 4144 797 4201 ouvrages
811 4128 868 4185 des
882 4130 1038 4185 membres
1053 4128 1092 4185 de
1105 4128 1294 4185 l’Academie

65 4226 186 4300 Royale
198 4229 238 4285 de
250 4226 393 4285 Peinture
409 4236 440 4285 et
455 4228 494 4285 de
509 4227 683 4299 Sculpture.

116 4354 158 4427 (3)
175 4353 223 4410 (11
236 4372 256 4426 y
270 4341 348 4410 6666
361 4371 422 4410 666
437 4353 547 4410 6166116
561 4352 656 4407 66166
670 4358 701 4407 61
716 4351 818 4406 bonne
829 4350 1100 4424 correspondenoe
1113 4359 1197 4407 entre
1212 4366 1291 4406 ceux

66 4452 105 4509 de
129 4452 369 4510 l’Academie...
396 4451 438 4507 116
460 4468 494 4507 66
514 4449 802 4522 communiqueront
823 4450 869 4505 les
896 4449 1041 4506 lumieres
1067 4450 1143 4505 dont
1157 4449 1195 4503 ils
1222 4455 1294 4502 sont

66 4550 209 4621 ecleires,
223 4550 342 4607 n’etunt
356 4568 415 4623 pus
430 4550 569 4623 possible
584 4548 676 4621 qu'un
697 4546 877 4618 particulier
891 4548 937 4602 les
951 4548 1060 4620 puisse
1074 4554 1177 4603 toutes
1205 4546 1294 4601 avoir

65 4648 97 4704 61
109 4649 256 4722 penetrer
271 4666 344 4705 6666
355 4648 552 4705 l'assistance
565 4647 646 4702 (1666
660 4644 706 4700 166
719 4644 885 4701 difficultes
900 4645 957 4702 des
972 4652 1037 4701 arts
1060 4646 1087 4701 si
1101 4644 1250 4716 profouds
1264 4652 1295 4701 et

69 4747 97 4802 si
110 4730 174 4820 peu
188 4764 349 4804 cunnus...
368 4746 493 4803 Lesdits
522 4742 752 4803 academiciens
767 4742 872 4797 diront
882 4741 1045 4798 librement
1054 4742 1121 4798 leur
1129 4741 1295 4796 sentiment
