3275 5167
858 421 1018 489 ..72-

326 606 434 677 chard
453 630 533 677 cum
552 607 695 678 Nicolao
710 607 860 678 Poussin
871 612 905 678 et
918 606 1079 699 Philippo
1095 607 1137 678 de
1145 608 1382 700 Champaigne
1397 609 1536 678 conlene
1610 684 1611 701 ἶ

325 767 466 837 audebit
479 768 507 859 l)
524 769 592 837 nisi
611 768 715 837 etiam
734 768 836 837 malis
855 790 935 837 eum
963 768 1074 859 gratia
1089 768 1240 837 nominis
1257 768 1312 837 sui
1338 773 1373 838 et
1395 767 1535 859 pulchri·
1611 780 1612 793 ¹

324 928 446 999 tudine
470 950 614 1019 operum
640 928 682 998 ad
705 928 808 997 istam
828 929 1035 999 sententiam
1061 928 1212 1019 collegas
1238 951 1321 997 suos
1337 928 1534 999 adduxisse:

325 1090 418 1181 quod
437 1094 553 1159 tamen
575 1090 676 1159 nobis
694 1090 812 1161 minus
840 1090 964 1182 placet.
987 1091 1121 1181 ltaque,
1151 1091 1180 1159 si
1209 1090 1378 1182 peccavit,
1402 1090 1477 1159 haec
1495 1094 1537 1157 est

323 1250 418 1321 illius
446 1250 558 1341 culpas
585 1251 762 1321 excusatio
791 1250 885 1342 quod
919 1250 1151 1343 peritissimus
1180 1250 1327 1341 quisque
1360 1251 1396 1318 in
1430 1250 1537 1319 eodem

323 1410 409 1480 vitio
437 1414 595 1481 versatus
613 1414 676 1479 est.
707 1410 800 1495 Quid
829 1410 960 1501 plural
988 1411 1058 1503 lpsi
1080 1411 1236 1481 colorum
1261 1411 1461 1481 laudatores
1486 1409 1536 1500 qui

325 1594 445 1641 revera
459 1572 503 1640 sit
521 1572 618 1641 color
631 1571 847 1663 ignoravisse
861 1572 1034 1643 videntur.

366 1732 454 1801 Nam
470 1754 578 1823 quum
601 1732 767 1819 fautores,
782 1736 859 1803 tum
880 1738 1149 1824 contemptam,
1174 1732 1332 1803 arbitrati
1353 1737 1437 1804 sunt
1457 1755 1537 1802 sum-

320 1917 413 1963 mam
429 1893 586 1964 omnium
598 1894 636 1963 in
649 1892 882 1980 lineamentis,
899 1916 969 1962 non
983 1893 1020 1962 in
1035 1893 1150 1964 colore
1170 1916 1257 1965 esse.
1288 1893 1408 1963 Neutri
1433 1893 1536 1963 volue-

324 2060 406 2127 runt
421 2055 572 2125 colorem
595 2055 680 2125 adeo
700 2055 862 2125 omnibus
891 2056 1003 2125 inesse
1033 2060 1073 2125 ut
1100 2055 1169 2124 hoc
1196 2077 1267 2125 uno
1298 2060 1423 2123 natura
1452 2052 1537 2123 reddi
1611 2070 1612 2077 ¹

322 2221 464 2308 posset:
485 2215 664 2308 graphidis
678 2215 874 2285 absolutam
894 2216 1133 2286 necessitatem
1149 2238 1322 2307 nusquam
1350 2212 1535 2284 Blanchard
1611 2282 1612 2291 ,

323 2380 451 2466 negat:
475 2401 489 2444 ‹
517 2377 567 2445 La
585 2376 728 2447 couleur
747 2381 842 2446 etant
865 2398 934 2447 une
953 2378 1062 2469 partie
1086 2350 1279 2447 essentielle
1304 2377 1345 2446 de
1361 2380 1460 2445 notre
1481 2378 1535 2458 art,
1611 2396 1612 2411 ¹

323 2536 480 2627 inquit...
503 2536 667 2606 concluez
682 2536 806 2627 qu'elle
817 2542 869 2605 est
883 2537 977 2608 aussi
993 2536 1184 2606 necessaire
1201 2537 1287 2606 dans
1302 2537 1381 2606 l'art
1395 2537 1437 2606 de
1452 2535 1537 2627 pein-
1611 2608 1612 2611 Ἴ

322 2700 480 2787 turaque
500 2694 532 2765 le
548 2696 664 2765 dessin
681 2720 696 2764 r
716 2697 775 2789 (l).
799 2699 847 2767 At
870 2702 991 2767 contra
1014 2697 1185 2788 picturam
1206 2719 1247 2767 ex
1265 2698 1378 2767 tribus
1395 2698 1536 2789 partibus

202 2885 204 2888 ·
323 2862 481 2928 constare
504 2862 651 2953 testatur
673 2881 680 2926 :
701 2883 715 2926 r
735 2864 790 2927 cet
812 2863 865 2927 art
889 2882 909 2927 a
929 2858 1015 2927 trois
1034 2859 1161 2950 parties
1182 2881 1248 2949 que
1277 2880 1367 2928 nous
1383 2858 1535 2949 appelons

321 3019 512 3107 invention,
534 3018 649 3089 dessin
669 3024 703 3089 et
718 3019 861 3088 couleur
882 3042 911 3087 a.
934 3018 1129 3087 Blanchard
1153 3018 1293 3108 quidem
1310 3039 1383 3086 non
1398 3016 1537 3085 declarat

321 3202 375 3249 res
402 3180 622 3250 delineandas
638 3203 711 3250 esse
727 3184 912 3271 antequam
932 3179 1105 3249 coloribus
1124 3179 1323 3263 illinantur;
1347 3178 1422 3269 quis
1432 3181 1536 3246 auten

324 3340 509 3409 contendet
523 3340 635 3429 illum,
652 3364 761 3431 quum
776 3340 942 3410 delineari
959 3363 1013 3410 res
1030 3363 1169 3410 necesse
1186 3364 1259 3410 esse
1276 3342 1458 3426 existimet,
1476 3359 1536 3405 non

220 3586 223 3591 Ι
324 3502 371 3570 ita
386 3501 533 3570 sensisse
553 3503 568 3570 l
583 3502 697 3585 Quare
712 3502 753 3571 de
769 3502 827 3571 via
846 3502 1011 3593 pingendi
1028 3524 1108 3571 cum
1122 3502 1245 3573 Garolo
1268 3502 1316 3573 Le
1341 3504 1435 3572 Brun
1457 3506 1536 3571 cete·

376 4041 424 4115 (ι)
439 4039 628 4097 Conference
650 4039 689 4096 de
716 4040 758 4096 M.
773 4040 950 4096 Blanchard
981 4056 1034 4096 sur
1056 4040 1086 4095 le
1099 4038 1209 4095 merite
1223 4038 1263 4095 de
1278 4038 1309 4094 la
1323 4038 1458 4106 couleur,
1474 4036 1535 4104 dun

320 4139 488 4196 novembre
505 4138 571 4211 1671
588 4138 635 4211 (in
648 4140 734 4213 fine).
751 4138 798 4197 Cf.
815 4154 938 4211 quoque
950 4138 995 4210 (in
1009 4137 1203 4211 prooemio):
1221 4136 1278 4193 «le
1292 4136 1459 4209 vonsprie,
1469 4134 1536 4190 Mes·
1611 4127 1612 4136 ’

322 4240 434 4305 sieurs,
447 4237 545 4294 d'etre
558 4238 632 4294 bien
646 4236 821 4310 persuades
838 4253 899 4310 que
913 4236 1032 4309 l’esprit
1046 4236 1100 4309 qui
1115 4235 1249 4291 m’anine
1263 4234 1342 4291 dans
1357 4251 1392 4291 ce
1407 4234 1535 4291 discours

318 4339 399 4395 n'est
413 4339 502 4411 point
516 4337 597 4393 celui
612 4336 651 4393 de
670 4335 900 4393 contradiction
914 4351 975 4390 non
997 4334 1069 4408 plus
1084 4349 1145 4406 que
1159 4333 1199 4390 de
1214 4332 1331 4405 mepris
1343 4348 1424 4405 pour
1437 4333 1465 4388 le
1478 4329 1535 4386 des·

322 4438 381 4494 sin.
396 4437 446 4493 Au
461 4434 627 4503 contraire,
642 4436 674 4506 je
689 4434 820 4490 l’estime
838 4434 1008 4505 justement
1031 4438 1063 4487 et
1077 4446 1196 4487 comme
1215 4446 1276 4486 une
1290 4430 1393 4503 partie
1406 4430 1536 4486 d'eutant
1611 4455 1612 4470 κ

320 4535 392 4607 plus
406 4534 487 4589 belle
508 4531 619 4605 qu’elle
634 4538 683 4586 est
697 4529 823 4585 difficile
838 4530 857 4583 a
870 4528 1013 4600 aequerir
1025 4546 1051 4583 n.
1068 4528 1142 4583 Haec
1160 4528 1261 4583 oratio
1281 4536 1426 4585 servatur
1444 4528 1474 4583 in
1486 4525 1536 4582 chi·

321 4624 488 4700 rographis
501 4628 702 4685 Bibliothecae
720 4647 734 4679 c
748 4625 787 4680 de
802 4623 914 4679 l’Ecole
929 4622 985 4680 des
1000 4623 1195 4681 Beaux·Arts
1209 4644 1234 4680 s.

1610 4483 1612 4558 l

1610 4561 1612 4606 l
