3275 5167
897 444 1056 509 ..80-

364 626 539 695 contraria
559 647 682 718 cogere
703 632 737 696 ct
756 651 777 696 a
799 628 1100 698 verisimilitudine
1128 629 1203 719 ipsa
1232 628 1421 712 discedere,
1455 634 1571 697 constat

364 793 480 858 tamen
488 811 625 858 summo
634 789 787 877 ingenio,
796 812 932 859 summa
947 789 1109 860 facultate
1124 790 1239 860 virum
1250 790 1483 860 diversissima
1492 813 1570 859 com-

364 973 493 1042 ponere
512 973 614 1042 posse
633 956 667 1021 et
681 950 843 1041 spiritum
859 952 954 1042 operi
974 953 1130 1022 miscere.
1141 952 1255 1035 Quare
1275 975 1316 1023 ea
1330 974 1408 1043 quae
1422 976 1484 1045 pro
1494 952 1570 1021 veris

363 1111 531 1181 aGarolo
556 1113 604 1182 Le
624 1114 721 1182 Brun
748 1117 851 1204 atque
878 1134 898 1181 a
926 1113 1046 1183 ceteris
1072 1113 1228 1203 ejusdem
1256 1113 1368 1183 aetatis
1397 1112 1572 1182 artificibus

366 1272 485 1342 habita
509 1294 591 1343 sunt
614 1295 684 1343 non
704 1274 874 1367 gravitate
897 1278 931 1343 et
949 1273 1096 1343 utilitate
1113 1278 1242 1345 carent.
1251 1274 1343 1358 Quid
1357 1296 1442 1344 vero
1459 1273 1572 1342 artibus
1629 1318 1630 1323 κ

363 1433 594 1524 perniciosius
620 1434 778 1503 invenias
792 1457 897 1525 quam
926 1435 1002 1525 ejus
1016 1433 1154 1505 libellus
1173 1459 1187 1503 v
1211 1437 1260 1504 De
1275 1432 1509 1526 l'Expression
1526 1432 1572 1501 des
1629 1414 1631 1445 ⁸

363 1594 530 1663 Passions
558 1618 572 1661 r
601 1594 888 1685 inscriptusl(l)
918 1595 998 1664 Non
1028 1595 1100 1686 jam
1137 1595 1298 1687 aequales,
1329 1596 1388 1664 sed
1415 1617 1509 1665 unus
1536 1594 1572 1661 Le
1629 1612 1630 1669 j

364 1754 460 1824 Brun
494 1755 531 1823 in
558 1778 599 1825 eo
613 1757 780 1847 peccavit.

406 1914 495 1983 Nam
528 1920 567 1986 ut
595 1915 758 2007 discipuli
797 1916 959 1987 subtilius
996 1918 1203 1988 docerentur
1230 1940 1300 2009 qua
1322 1917 1380 1987 via
1414 1921 1452 1986 et
1473 1936 1572 1985 rerum
1629 1886 1631 1979 l

361 2074 490 2144 veritas
523 2081 558 2145 et
589 2076 789 2165 iucunditas
818 2078 855 2145 in
888 2077 1043 2168 pulchris
1080 2077 1208 2148 tabulis
1249 2100 1321 2147 una
1357 2078 1572 2169 exprimeren-

361 2241 431 2322 tur,
467 2237 655 2329 praeolarus
689 2239 810 2308 artifex
843 2242 877 2309 et
903 2244 1075 2331 praecepta
1106 2245 1140 2308 at
1181 2239 1389 2331 exemplaria
1420 2234 1572 2307 imitanda

361 2398 523 2489 praebuit.
560 2398 662 2481 Quod
686 2421 858 2490 quemque
886 2399 940 2468 vel
964 2398 1075 2469 oculis
1105 2400 1179 2469 suis
1199 2399 1327 2469 intueri
1352 2398 1406 2469 vel
1435 2395 1573 2468 emedi-

361 2556 493 2626 tatione
530 2558 668 2628 haurire
706 2563 853 2651 oportet,
893 2560 922 2628 si
954 2560 1102 2629 formam
1134 2583 1234 2630 suam
1267 2560 1362 2652 operi
1388 2560 1573 2651 imprimere

363 2717 492 2808 cupiat,
522 2718 580 2787 ille
619 2741 754 2812 semper
795 2721 917 2790 eodem
955 2721 1058 2790 modo
1101 2720 1347 2792 diversissimis
1387 2719 1573 2789 hominihus

362 2879 570 2950 imitandum
599 2903 674 2950 essa
714 2880 935 2949 existimavit.
975 2882 1096 2972 ltaque
1132 2882 1161 2950 si
1200 2882 1277 2973 quis
1311 2880 1571 2962 admirationem,

364 3045 402 3110 ut
455 3041 610 3133 exemplo
657 3046 810 3127 utamur,
851 3039 994 3110 reddere
1025 3040 1120 3125 velit,
1156 3063 1227 3109 non
1278 3063 1367 3131 opus
1410 3043 1464 3109 est
1508 3058 1573 3107 eum

361 3202 513 3271 motibus
562 3206 596 3270 et
637 3202 687 3269 ori
741 3200 925 3292 cujusdam
971 3200 1172 3270 admirantis
1208 3199 1357 3287 studere,
1393 3204 1433 3269 ut
1472 3196 1574 3268 omnia

361 3383 439 3452 quae
472 3362 523 3430 sic
564 3361 799 3430 observaverit
835 3361 871 3429 in
905 3384 1015 3432 unum
1053 3361 1214 3431 conciliet
1251 3364 1285 3430 et
1324 3361 1466 3432 tandem
1501 3360 1573 3449 figu-

362 3544 437 3591 ram
472 3544 576 3612 quam
604 3520 670 3588 sihi
698 3522 735 3589 in
772 3521 889 3589 animo
925 3522 1095 3591 effinxerit
1123 3522 1305 3612 perficiat;
1342 3523 1425 3591 satis
1456 3518 1573 3608 est,vel

359 3682 476 3773 potius
518 3685 653 3773 oportet
692 3703 772 3751 eum
808 3682 956 3772 liguram
994 3706 1013 3751 a
1050 3682 1173 3752 Garolo
1212 3684 1260 3753 Le
1307 3683 1404 3753 Brun
1439 3683 1571 3752 delinea-

411 4163 456 4237 (1)
474 4162 530 4219 Hic
556 4162 689 4231 libellus,
707 4178 789 4219 anno
828 4160 906 4233 1698,
945 4169 1114 4234 postquam
1146 4160 1188 4219 Le
1225 4160 1310 4218 Brun
1342 4170 1486 4219 mortuus
1517 4162 1572 4216 erat

358 4261 462 4320 editus
487 4269 545 4317 est.
572 4262 720 4318 Attamen
746 4259 833 4317 haud
864 4258 994 4316 dubium
1014 4268 1065 4315 est
1089 4259 1164 4333 quin
1190 4260 1289 4316 verba
1308 4260 1349 4317 ah
1373 4260 1446 4332 ipso
1469 4259 1572 4332 pictore
1626 4246 1627 4271 ¹

358 4360 477 4433 scripta
506 4360 592 4427 sint;
617 4375 691 4415 nam
721 4356 948 4429 chirographus
980 4356 1012 4412 iu
1044 4354 1236 4413 Bibliotheca
1267 4355 1334 4413 «de
1376 4356 1488 4414 l’Ecole
1526 4353 1571 4409 des

358 4459 582 4516 Beaux-Arts»
612 4464 758 4514 servatur
779 4455 844 4528 qui,
878 4453 920 4510 ad
947 4454 1066 4511 tuenda
1092 4454 1271 4511 Academiae
1297 4454 1413 4521 edicta,
1443 4455 1484 4511 ab
1514 4466 1571 4508 auc·

356 4563 424 4611 tore
450 4556 561 4612 scribae
592 4553 727 4611 traditus
750 4543 831 4608 erat.¹
849 4551 910 4607 Vix
929 4558 1034 4606 autem
1057 4550 1177 4624 aliquot
1198 4552 1296 4609 verba
1323 4552 1356 4609 in
1379 4548 1571 4625 chirographo

357 4659 389 4708 et
416 4652 448 4706 in
475 4650 580 4708 liheho
608 4648 775 4707 dissimilia
802 4653 884 4702 sunt.
