3275 5167
863 425 1054 491 ..24-

345 614 396 678 tes
425 614 465 680 ut
501 610 543 679 de
576 611 697 681 iisdem
731 614 835 683 rebus
872 638 913 684 ac
951 618 1053 684 antea
1096 613 1312 705 disputarent
1342 613 1405 702 (l).
1454 612 1565 699 ltaque

344 770 437 839 intra
491 773 641 861 spatium
691 772 810 842 decem
862 795 1060 861 annorum·
1099 772 1298 844 exercitatio
1359 796 1381 841 a
1435 771 1566 840 Colbert

344 932 584 1001 commendata
615 937 648 1002 et
669 933 740 1003 lere
767 934 925 1004 instituta
953 934 1175 1027 potissimum
1204 933 1334 1002 lloruit.
1360 930 1566 1001 Addcndum

342 1096 457 1162 tamen
481 1098 532 1163 est
557 1094 762 1185 praclarum
791 1096 894 1186 Regis
920 1095 1130 1182 Ministrum,
1160 1117 1252 1165 anno
1288 1092 1563 1177 MDCLXXXII,

343 1259 508 1323 conatum
538 1278 614 1326 esse
646 1261 685 1327 ut
717 1256 754 1326 in
781 1257 969 1349 pristinum
1010 1257 1230 1349 splendorem
1262 1255 1437 1345 colloquia
1467 1253 1558 1323 resti·

342 1420 453 1485 tueret
485 1416 547 1507 (2).
589 1414 656 1485 Sed
695 1438 749 1484 res
778 1415 868 1485 male
905 1415 1008 1485 cessit
1040 1440 1047 1485 :
1077 1438 1139 1507 pro
1173 1415 1300 1484 tabulis
1339 1418 1417 1484 ante
1450 1413 1565 1483 oculos

343 1576 557 1647 audientium
600 1576 735 1667 positis,
789 1576 997 1666 quaestiones
1043 1575 1126 1645 olim
1166 1580 1382 1668 pertractatae
1428 1574 1564 1665 agitata

343 1742 458 1821 sunt;
497 1736 579 1829 quid
617 1736 749 1828 plura?
786 1758 868 1805 mox
908 1760 1001 1807 unus
1039 1737 1168 1808 Guillet
1208 1737 1250 1806 de
1298 1736 1565 1827 Saint-Georges

343 1916 462 1964 curam
501 1892 654 1984 suscepit
709 1892 954 1963 recitationum
998 1894 1041 1964 ad
1079 1894 1284 1963 emblemata
1334 1893 1568 1983 quarumdam

342 2052 539 2123 tabularum
575 2053 822 2144 pertinentium
847 2057 947 2145 (quas
981 2054 1249 2146 ‹explications
1277 2055 1513 2146 allegoriques
1555 2078 1567 2120 r

343 2214 411 2284 dici
438 2215 574 2304 voluit),
609 2214 657 2284 ita
684 2219 724 2284 ut
751 2214 879 2283 trustra
906 2215 1063 2305 priorum
1098 2215 1354 2307 colloquiorum
1389 2217 1568 2286 materiem

340 2381 375 2446 et
405 2377 606 2467 gravitatem
639 2375 831 2466 requireres
863 2377 925 2467 (3).
957 2376 1071 2459 Quare
1109 2398 1179 2445 non
1213 2375 1359 2446 dubium
1393 2381 1448 2445 est
1489 2376 1566 2468 quin

341 2537 639 2629 perscrutantibus
669 2559 772 2628 quem
804 2536 957 2606 fructum
991 2560 1032 2607 ex
1061 2538 1115 2607 his
1149 2537 1456 2609 exercitationibus
1484 2544 1569 2607 artes

343 2697 549 2788 acceperint,
601 2718 672 2765 non
710 2695 753 2765 ad
801 2710 951 2766 rrvrnmum
999 2699 1165 2768 saeculum
1196 2699 1243 2788 (l)
1279 2721 1343 2769 nec
1392 2699 1435 2769 ad
1468 2701 1568 2770 finem

392 3259 437 3333 (1)
450 3258 498 3317 Cl.
514 3258 802 3315 Procas-Verbaux.
815 3254 865 3313 Du
879 3272 915 3328 29
928 3256 1050 3331 janvier
1066 3257 1144 3331 1678.
1161 3290 1195 3299 -
1210 3258 1258 3315 Du
1278 3257 1312 3315 18
1326 3274 1414 3315 mars
1442 3259 1524 3333 1679.
1541 3291 1569 3300 -

341 3358 391 3414 Du
404 3373 422 3414 2
435 3357 601 3414 decembre
614 3356 692 3429 1679.

392 3483 438 3557 (a)
466 3482 582 3540 Guillet
616 3480 655 3537 de
692 3478 944 3553 saint-Georges,
975 3497 1058 3537 anno
1084 3480 1164 3551 1682,
1206 3481 1338 3538 scribit:
1363 3500 1382 3536 «
1489 3483 1570 3539 Mais

340 3580 539 3653 aujourd'hui
554 3579 611 3637 elle
625 3577 843 3652 (l’Academie)
862 3586 936 3635 veut
950 3587 1056 3651 porter
1079 3596 1131 3635 scs
1156 3580 1242 3636 soins
1260 3580 1332 3652 plus
1353 3587 1461 3649 avant,
1480 3588 1514 3637 et
1539 3590 1570 3637 se
1630 3600 1631 3610 ¹

340 3694 476 3752 propose
501 3677 541 3734 de
561 3678 637 3734 tirer
663 3694 707 3733 un
733 3676 867 3733 resultat
887 3677 926 3733 de
948 3677 1070 3751 chaque
1093 3678 1274 3734 conference
1296 3685 1328 3735 et
1349 3677 1495 3735 d'ctablir
1520 3697 1571 3736 sur

339 3777 386 3833 les
401 3776 547 3833 matiercs
563 3775 657 3849 qu'ou
670 3792 690 3848 y
703 3774 825 3847 agitera
839 3774 896 3831 des
911 3775 1065 3831 maximas
1078 3775 1271 3833 essenticlles
1284 3763 1338 3849 qui
1360 3775 1521 3832 serviront
1536 3777 1571 3833 de

341 3874 547 3947 preceptcsa
575 3889 626 3931 ses
655 3872 786 3930 ecoliers
812 3880 844 3930 et
870 3873 925 3946 qui
956 3880 1064 3930 seront
1098 3873 1190 3930 d'une
1226 3874 1395 3946 singuliere
1425 3873 1569 3931 utilite».

341 3972 520 4045 (Memoires
536 3989 590 4028 sur
603 3972 635 4028 la
649 3972 711 4028 vie.
723 4012 748 4027 ..
768 3972 808 4029 V,
830 3972 853 4040 l,
868 3987 899 4043 p.
915 3971 994 4044 245).
1418 3978 1424 3982 ’

393 4097 437 4171 (3)
454 4097 591 4154 Plurima
611 4104 683 4153 suut
702 4095 859 4169 colloquia
873 4095 934 4167 (Gt.
958 4095 1246 4167 Procas-Verbaux)
1268 4095 1308 4153 de
1327 4097 1570 4154 emblematibus

342 4196 392 4253 vel
406 4218 419 4249 a
435 4195 641 4269 explicatioris
655 4194 865 4269 allegoriques
875 4212 893 4249 »
904 4194 1003 4250 donec
1019 4194 1152 4250 Carolus
1171 4195 1213 4251 Le
1237 4194 1320 4251 Brun
1343 4202 1484 4251 mortuus
1499 4196 1546 4251 sit
1564 4216 1570 4264 ;

341 4295 427 4351 nulla
439 4294 589 4350 orationis
605 4294 647 4349 ab
662 4292 782 4349 artifice
796 4292 936 4366 quodam
950 4300 1028 4348 actae
1047 4293 1163 4347 mentio
1177 4292 1344 4349 invenitur.

392 4419 437 4493 (4)
449 4418 518 4475 Nou
531 4418 657 4475 omnino
670 4418 830 4491 perierunt
842 4424 950 4473 xvmm⁰
965 4416 1078 4473 saeculo
1093 4416 1249 4490 colloquia
1264 4434 1333 4491 quae
1349 4416 1483 4473 Henrico
1505 4434 1570 4474 van

340 4517 432 4574 Hulst
452 4525 483 4574 et
504 4517 610 4573 comiti
631 4516 671 4572 de
688 4514 805 4587 Caylus
824 4516 1018 4587 placuerunt.
1037 4514 1186 4571 Attamen
1209 4515 1241 4570 in
1261 4514 1403 4571 oratione
1417 4533 1435 4570 «
1451 4516 1509 4572 Sur
1525 4516 1570 4572 les

341 4624 514 4687 avantages
528 4615 584 4672 des
599 4614 798 4670 conferanccs
809 4611 1032 4685 academiques
1049 4632 1063 4663 »
1078 4612 1231 4685 inscripta
1245 4612 1275 4684 (4
1288 4614 1352 4669 mai
1368 4611 1463 4685 1748),
1480 4615 1570 4686 cujus
