3275 5167
619 450 779 518 „59-

65 639 318 730 effingendum
333 662 420 724 esse,
432 640 505 731 jam
518 641 708 710 asseverari
718 645 830 732 potest
840 640 903 709 hos
917 665 932 708 c
951 641 1108 711 rudiores
1120 641 1305 710 hominess

64 803 182 889 atque
205 800 268 868 hes
295 824 310 867 c
332 799 503 891 rudiores,
528 824 634 893 vagas
659 808 692 871 et
710 802 859 870 incertas
878 801 1043 869 formas»
1072 824 1141 870 non
1167 800 1308 869 omnino

61 961 299 1050 jucunditate
314 983 441 1031 carere.
457 962 609 1030 Tristitia
623 961 778 1054 pulchris
793 962 1027 1052 suavibusque
1042 961 1261 1031 lineamentis
1279 966 1314 1031 et

65 1121 258 1191 coloribus
273 1123 321 1190 ita
341 1123 558 1213 exprimitur,
575 1127 616 1192 ut
633 1123 792 1214 quamvis
812 1122 919 1191 animi
935 1122 1174 1192 misericordia
1185 1126 1245 1192 aut
1256 1122 1308 1191 ira

67 1263 135 1351 aut
158 1282 280 1373 aliquo
297 1283 421 1352 affectu
443 1289 662 1370 moveantur,
685 1283 776 1352 oculi
790 1287 906 1351 tamen
921 1282 1145 1351 delectentur.

116 1442 230 1525 Quod
264 1444 294 1511 si
325 1443 410 1512 velis
435 1445 476 1513 de
509 1468 551 1513 eo
583 1445 727 1535 picturae
761 1468 827 1512 usu
868 1448 970 1533 atque
1006 1442 1047 1511 de
1087 1465 1127 1510 ea
1153 1442 1311 1533 pulchri-

65 1605 213 1673 tudinis
241 1605 315 1695 lege
350 1606 479 1673 certior
512 1606 599 1691 fieri,
634 1604 706 1696 jam
741 1627 835 1673 nunc
867 1604 903 1671 in
937 1604 1148 1672 mentionem
1180 1602 1311 1671 incide-

69 1787 175 1833 mus
205 1765 450 1856 disputationis
490 1766 672 1856 cujusdam
714 1765 749 1832 in
791 1763 978 1866 Academia
1018 1764 1174 1855 (fortasse
1217 1786 1308 1832 anno

71 1924 306 2016 MDCLXXI)
343 1929 427 1993 ortae
472 1926 513 1993 de
551 1925 616 1993 hac
653 1925 843 2015 quaestione
884 1948 890 1991 :
926 1946 1008 1991 cen
1042 1923 1124 2013 quoi
1159 1882 1308 1991 consiste

73 2090 171 2154 cette
205 2087 329 2155 beaute
357 2108 423 2176 que
450 2085 483 2154 le
508 2086 640 2175 peintre
669 2086 743 2154 doit
774 2084 888 2153 imiter
920 2108 934 2150 a
972 2084 1031 2175 (1).
1069 2084 1206 2153 Nomen
1230 2108 1306 2153 ora-

72 2246 169 2314 toris
207 2250 241 2315 et
277 2246 527 2337 disputantium
564 2247 607 2314 ab
641 2247 790 2315 Henrico
829 2246 976 2315 Testelin
1010 2245 1175 2318 omissum
1214 2250 1266 2315 est
1297 2266 1305 2327 ;

74 2410 113 2472 at
151 2406 319 2496 quoniam
354 2406 395 2474 de
424 2406 540 2475 colore
567 2406 603 2473 in
638 2407 792 2475 oratione
831 2406 1004 2497 praecipue
1044 2412 1159 2476 actum
1194 2410 1245 2475 est
1280 2409 1313 2475 et

74 2564 229 2635 Carolus
258 2566 305 2634 Le
331 2566 427 2634 Brun
456 2565 585 2634 electus
608 2571 661 2634 est
693 2572 733 2635 ut
769 2566 916 2635 similem
954 2567 1210 2636 coutentionem
1240 2572 1311 2635 ter-

75 2726 246 2811 minaret,
302 2725 461 2792 existimo
520 2724 620 2793 illum
679 2747 750 2793 non
800 2726 941 2793 omnino
1003 2750 1023 2793 a
1078 2726 1310 2817 disputatione

78 2883 248 2968 abluisse,
278 2888 313 2951 et
339 2852 567 2952 Academicos
596 2883 639 2951 ad
676 2884 769 2952 illius
803 2885 1008 2953 sententiam
1042 2886 1155 2955 ivisse.
1195 2885 1310 2955 Teste-

77 3039 131 3108 lin
184 3046 299 3111 autem
353 3042 391 3110 in
432 3043 500 3111 fine
555 3042 719 3110 orationis
762 3065 834 3110 suae
901 3043 1052 3133 amplam
1102 3043 1313 3112 dissertatio-

80 3226 163 3271 nem
194 3203 236 3271 de
267 3224 351 3271 vera
377 3201 637 3293 pulchritudine
673 3202 776 3271 refert
803 3225 811 3286 ;
843 3203 935 3293 quod
970 3226 1040 3272 non
1077 3204 1216 3273 fecisset
1244 3203 1311 3272 nisi

79 3363 171 3453 ipse,
225 3364 340 3432 Caroli
376 3364 425 3432 Le
467 3364 563 3431 Brun
594 3369 708 3453 partes
750 3385 885 3453 semper
928 3368 1080 3451 secutus
1121 3364 1227 3446 verba
1268 3366 1311 3432 ab

81 3520 215 3613 inclyto
247 3521 379 3612 pictore
410 3522 528 3591 habita
559 3523 613 3590 vel
647 3522 763 3607 abeo
795 3523 941 3612 probata
969 3523 1185 3593 reddidisset.
1218 3523 1311 3592 Cete-

83 3705 163 3750 rum
191 3706 232 3751 ex
265 3681 307 3750 iis
340 3684 455 3751 verbis
479 3682 662 3751 collectum
689 3688 740 3751 est
760 3688 972 3775 praeceptum
997 3684 1174 3775 discipulis
1199 3686 1311 3776 impo-

83 3842 265 3925 nendum;
298 3844 391 3913 unde
420 3844 503 3911 satis
531 3844 752 3912 manifestum
784 3849 837 3912 est
866 3846 1069 3913 sententiam
1106 3845 1219 3915 Caroli
1264 3846 1311 3914 Le

85 4000 182 4071 Brun
212 4004 278 4072 hac
301 4005 455 4073 oratione
484 4004 682 4094 significari.
710 4005 793 4073 Haec
819 4009 934 4073 autem
964 4005 1056 4074 dicta
1092 4009 1174 4074 sunt
1203 4030 1217 4072 <c
1244 4027 1310 4095 que
1423 4056 1425 4063 ,

84 4163 134 4231 les
174 4163 297 4233 choses
338 4164 522 4234 naturelles
554 4164 694 4235 doivent
738 4169 809 4233 etre
858 4188 1049 4235 reconnues
1088 4168 1167 4257 plus
1204 4166 1310 4235 belles

139 4639 184 4711 (ι)
197 4639 262 4698 cst.
281 4640 427 4699 Testelin.
443 4641 631 4698 Sentimens.
642 4682 667 4698 ..
686 4642 837 4698 Discours
848 4660 901 4701 sur
914 4645 946 4701 le
959 4644 1094 4701 couleur.
