3275 5167
618 510 779 563 --ΙΙΙ-ΙΙ

73 700 175 749 uere
196 680 271 772 (1);
301 686 526 768 quinimmo
554 690 633 772 ejus
656 688 771 754 amici
799 688 1074 753 uuutiuoeruut
1102 685 1310 753 rccouditos

75 826 202 893 libros
236 830 277 893 iu
311 829 430 896 lucem
454 829 651 911 prolatum
681 832 735 895 iri
763 826 837 916 (2);
867 831 935 897 boc
966 832 1092 896 tomeu
1117 845 1311 910 uuuquum

73 971 219 1037 eocuit.
244 972 330 1038 Veri
350 973 474 1039 simile
492 979 544 1041 est
560 975 796 1059 proeclurum
819 977 1017 1059 artificem,
1034 990 1149 1057 quum
1164 974 1315 1039 couleu-

75 1115 202 1179 tioues
217 1114 261 1181 de
276 1119 421 1182 ortium
444 1137 513 1184 usu
529 1119 570 1184 iu
582 1118 785 1188 Aeudemiu
799 1121 1011 1201 orirentur,
1026 1116 1203 1201 polliceri
1228 1113 1315 1185 soli.-

75 1260 165 1322 tum
179 1276 252 1323 esse
269 1277 307 1325 se
322 1259 366 1325 de
391 1260 450 1326 leis
468 1261 579 1329 rebus
593 1265 879 1331 commentarios
900 1262 1193 1346 compositurum
1216 1274 1289 1323 eoae
1299 1275 1311 1334 ;

67 1402 216 1485 jurgia
230 1404 356 1469 cutem
370 1407 565 1487 postquam
576 1410 715 1490 pacato
729 1409 852 1488 eruut,
870 1406 938 1473 boc
955 1404 1152 1486 scriptoris
1177 1417 1315 1467 muuus

75 1546 246 1610 omisisse
270 1550 306 1612 et
343 1550 557 1614 couteutum
590 1551 704 1635 fuisse
743 1548 916 1615 breuibus
947 1544 1181 1613 erutiouibua
1221 1561 1312 1627 quus

76 1692 197 1755 autea
224 1688 423 1765 habuisset.
442 1690 632 1777 Quidquid
652 1692 693 1758 id
715 1696 778 1775 est,
802 1709 985 1774 uusquum
1016 1691 1058 1755 iu
1083 1689 1310 1755 meutiouem
1398 1671 1402 1680 ’

78 1831 179 1897 libri
199 1832 244 1898 ab
265 1832 331 1898 illo
347 1833 441 1900 editi
460 1834 675 1902 iucidimuo.

124 1974 306 2059 Epistoloe
329 1994 416 2042 uero
436 1996 527 2060 quus
545 1979 689 2061 amicis,
702 1996 818 2062 quum
833 1977 1011 2060 priuatis,
1029 1980 1108 2042 tum
1126 1975 1312 2058 poteutio-

78 2120 192 2185 ribus
219 2123 255 2186 et
283 2120 398 2185 etium
425 2120 598 2204 publicis,
629 2122 744 2203 misit,
780 2139 850 2204 quo
879 2120 1019 2187 ardore
1048 2119 1244 2201 picturum
1277 2119 1313 2182 et

79 2265 185 2327 ortes
215 2264 360 2347 feceret
386 2264 476 2329 sutis
499 2262 756 2330 demomtruut
788 2259 861 2350 (3);
891 2280 952 2327 eus
982 2264 1107 2327 tumeu
1135 2274 1312 2341 perscru»

79 2408 216 2489 teutria,
250 2405 541 2489 haudquaquam
581 2406 843 2475 coudicieuum
880 2404 1013 2488 quibus
1044 2401 1313 2486 pulcherrimo

135 2882 181 2955 (1)
197 2904 211 2936 ι
227 2881 276 2940 On
295 2899 390 2941 verra
410 2884 540 2954 bientbt‚
563 2885 665 2958 inquit
678 2885 794 2943 Guillet
808 2886 849 2943 de
868 2886 1110 2961 saint-Georges
1126 2885 1313 2960 disputatio·

80 2998 156 3038 nem
169 2980 210 3037 de
223 2982 377 3056 graphide
390 2989 421 3039 et
441 2982 545 3039 colore
564 2999 709 3053 narrans,
721 2982 801 3039 dans
815 3001 857 3041 un
871 2984 964 3041 truite
978 2983 1159 3058 particulier
1172 2983 1246 3057 qu’ii
1260 2982 1316 3053 (Le

81 3079 183 3149 Brun)
197 3087 312 3136 mettre
336 3097 377 3137 uu
398 3082 478 3154 Jour,
495 3081 541 3137 les
569 3080 687 3137 solides
702 3081 827 3138 raisous
852 3083 906 3155 qui
918 3081 1064 3139 decident
1078 3081 1111 3139 la
1126 3080 1270 3155 question
1286 3100 1312 3137 ».

80 3177 250 3234 Memoires
266 3177 380 3235 inediis
395 3196 449 3234 sur
457 3178 489 3235 la
501 3180 551 3236 vie
567 3187 597 3236 et
607 3178 654 3237 les
664 3195 819 3253 ouvrages
834 3180 892 3237 des
904 3180 1061 3237 membres
1072 3179 1111 3236 de
1122 3177 1314 3235 l'Aeademie

80 3274 213 3348 Royule.
227 3276 264 3331 V.
280 3277 304 3347 Ι,
317 3294 348 3349 p.
364 3277 427 3350 247.
813 3270 817 3275 ’

137 3402 179 3472 (a)
192 3402 282 3458 Anno
301 3400 510 3471 MDCLXXX,
534 3402 687 3460 Henrieus
700 3403 847 3472 Testelin,
869 3403 984 3460 librum
1005 3420 1024 3457 «
1045 3403 1232 3460 sentiments
1255 3402 1313 3458 des

80 3500 154 3573 plus
170 3499 291 3557 habiles
303 3500 475 3573 peintres...
493 3521 507 3553 »
523 3500 706 3576 inscriptum
721 3501 834 3559 Carolo
849 3502 892 3559 Le
906 3502 989 3558 Brun
1004 3501 1165 3571 dedicans,
1181 3500 1312 3558 scribit:

84 3620 99 3651 o
115 3599 202 3655 Vous
216 3582 378 3655 trouverez
390 3599 454 3655 bon
467 3615 528 3671 que
543 3616 595 3656 ces
617 3600 782 3674 preceptes
796 3608 927 3673 passent
943 3617 984 3656 uu
997 3600 1103 3672 public
1118 3615 1238 3656 comme
1256 3598 1313 3655 des

82 3703 339 3753 avant-coureurs
353 3696 410 3753 des
426 3698 593 3754 excellente
608 3714 763 3771 ouvrages
778 3710 839 3771 que
853 3714 933 3755 vous
947 3698 991 3755 lui
1004 3698 1155 3770 preparez
1169 3717 1195 3753 ».
1211 3729 1245 3739 —
1262 3697 1311 3754 ct.

82 3810 207 3867 quoque
228 3795 272 3866 (in
287 3794 503 3868 chirographis
521 3795 721 3851 Bibliothecae
744 3818 758 3850 ι
780 3796 820 3853 de
838 3795 951 3852 l’Ecole
971 3796 1030 3853 des
1050 3795 1245 3852 Beaux·Arts
1267 3798 1310 3867 s),

85 3892 274 3949 Conferenee
288 3893 329 3949 de
341 3892 382 3949 M.
397 3892 571 3950 Blanchurd
586 3910 639 3949 sur
652 3894 681 3950 le
694 3894 803 3950 merite
816 3894 857 3951 de
870 3894 903 3950 la
916 3894 1043 3951 couleur
1058 3911 1065 3950 :
1081 3893 1149 3950 «Μ.
1163 3893 1206 3950 Le
1218 3894 1311 3961 Brun,

83 4007 119 4047 ce
133 3991 233 4063 grand
247 3991 381 4059 homme,
403 3991 457 4063 qui
470 4008 490 4048 a
503 3991 630 4048 dessein
648 3991 688 4048 de
709 3992 819 4049 truiter
833 3992 873 4049 de
895 3999 998 4049 tontes
1027 3993 1072 4049 les
1087 3992 1206 4065 parties
1219 3991 1260 4048 de
1282 3991 1314 4047 la

81 4088 224 4161 peinture
238 4089 338 4161 etqui
353 4104 392 4145 en
406 4106 426 4145 a
440 4088 515 4162 dejb
528 4089 621 4146 traiti
635 4089 880 4164 quelques-unes
896 4089 925 4146 si
939 4089 1231 4148 admirablement...
1248 4111 1262 4141 s

137 4211 179 4285 (3)
204 4212 241 4267 Η.
257 4212 349 4270 Jouin
363 4212 506 4285 (Churles
522 4216 564 4271 Le
581 4214 664 4271 Brun
688 4222 719 4271 et
739 4215 785 4271 les
795 4215 874 4270 Aris
889 4232 962 4272 sous
976 4214 1072 4272 Louis
1084 4215 1171 4287 XIV)
1184 4214 1312 4273 XXXVI

83 4309 235 4383 epistolas
250 4310 355 4367 Caroli
378 4312 420 4368 Le
444 4312 524 4367 Brun
540 4312 665 4386 collegit
680 4329 687 4368 :
703 4312 774 4369 duae
786 4320 869 4370 certe
883 4312 932 4386 (n0
945 4313 1002 4369 XV
1016 4320 1111 4387 alque
1124 4320 1157 4367 n⁰
1171 4313 1256 4387 XVI)
1269 4313 1312 4369 ad

81 4410 255 4467 iohannem
276 4408 346 4466 Rou
368 4408 538 4466 referendae
553 4418 634 4468 sunl.
656 4410 698 4467 lis
720 4410 763 4467 Le
783 4412 866 4467 Brun
888 4427 1001 4468 nomen
1023 4428 1115 4468 suum
1134 4412 1311 4486 suscripsit,

82 4514 253 4582 postquam
278 4523 298 4564 a
322 4506 348 4564 J.
377 4506 446 4564 Rou
473 4509 656 4581 compositae
680 4516 772 4579 sunt3
796 4508 881 4583 quod
908 4510 1010 4583 ipsius
1037 4509 1163 4565 Henrici
1177 4508 1315 4567 Testelin

83 4605 219 4680 epistola
231 4605 376 4677 quaedum
390 4612 535 4662 testatur.
550 4606 616 4680 (cf.
636 4606 803 4663 Memoires
821 4606 936 4664 inediis
955 4615 987 4664 el
1002 4606 1169 4680 opuscules
1184 4607 1316 4665 delean

82 4704 162 4772 Rou,
178 4702 216 4759 V.
230 4701 268 4772 11,
287 4720 319 4775 p.
334 4700 380 4771 32,
396 4705 491 4777 sqq).
