3275 5167
598 496 783 559 ..13-

77 674 286 747 MDCLXVI
306 677 459 769 primum
481 682 639 748 servatur
660 680 720 771 (1),
738 702 847 771 quum
863 678 937 769 jam
957 679 1096 749 Colbert
1118 680 1302 771 imperium

74 837 108 903 in
129 837 325 907 Academia
358 844 504 921 exercet,
536 841 691 910 studium
711 841 883 910 artificum
912 842 1017 927 fovet,
1033 845 1066 910 et
1084 842 1210 911 artium
1236 842 1305 911 dis-

48 988 52 997 ’
79 998 246 1088 ciplinam
262 999 425 1069 omnibus
446 1002 579 1091 imponi
597 1002 683 1072 vult.

114 1710 220 1780 Anno
264 1711 438 1781 MDCLXI
463 1713 525 1803 (2),
551 1734 659 1802 quum
695 1713 853 1803 Seguier,
883 1714 1079 1784 Academiae
1110 1719 1297 1806 protector,

73 1872 225 1963 elegerat
273 1875 413 1945 Colbert
444 1880 482 1945 ut
519 1874 636 1946 locum
669 1899 784 1959 suum,
828 1877 857 1946 si
891 1900 979 1967 opus
1012 1882 1113 1964 esset,
1149 1881 1293 1961 teneret,

73 2032 140 2120 hic,
163 2036 311 2106 minimo
335 2037 434 2107 titulo
456 2037 600 2107 lionoris
620 2037 771 2121 inllatus,
798 2038 886 2106 nihil
906 2038 974 2106 nisi
993 2039 1096 2129 Regis
1115 2038 1301 2107 utilitatem

72 2202 276 2285 persecutus
315 2203 366 2267 est
400 2199 462 2288 (3).
504 2199 690 2288 Postquam
723 2199 759 2266 in
795 2198 1019 2268 Academiam
1056 2198 1151 2268 venit
1184 2199 1234 2290 (1)
1262 2203 1297 2267 et

73 2360 218 2428 tentavit
242 2382 310 2450 qua
333 2359 390 2428 via
414 2362 504 2427 artes
531 2358 750 2449 splendorem
773 2358 958 2449 quemdam
982 2381 1089 2451 regno
1113 2358 1291 2444 adderent,

73 2517 285 2587 existimavit
313 2541 394 2587 sane
428 2518 600 2609 colloquia
633 2518 674 2587 de
712 2518 839 2587 artium
872 2543 938 2589 usu
976 2524 1010 2588 et
1044 2519 1176 2588 ratione
1207 2518 1298 2587 inter

74 2679 222 2749 artitices
238 2680 451 2749 conserenda
474 2701 575 2764 esse;
605 2702 687 2749 nam
708 2680 765 2748 vix
789 2680 922 2770 aliquot
943 2703 1078 2750 menses
1102 2680 1189 2772 lapsi
1213 2684 1296 2750 sunt

74 2846 151 2929 post
174 2862 263 2932 quos
285 2840 483 2911 Academici
513 2840 595 2911 huic
623 2841 859 2911 exercitationi
882 2864 918 2911 se
942 2842 1117 2912 interdum
1147 2842 1291 2911 fortasse

124 3244 178 3314 (1).
197 3242 483 3300 Preces-Verbanx.
501 3274 533 3283 -
550 3259 565 3315 7
580 3248 656 3298 aotlt
672 3243 750 3312 1666,
765 3243 783 3313 4
803 3243 981 3315 septembre
997 3241 1078 3298 1666.

121 3365 169 3441 (n)
182 3368 455 3425 Preces-verbaux.
472 3397 508 3411 -
529 3354 579 3423 Du
595 3368 629 3439 14
643 3367 807 3424 decembre
823 3368 900 3425 1661.

124 3492 168 3566 (3)
193 3492 239 3551 Cf.
275 3494 423 3551 Felibien.
449 3494 656 3552 Conferences
678 3493 717 3551 de
735 3494 935 3562 l'Academie‚
960 3493 991 3549 in
1006 3493 1188 3566 praefatione
1210 3509 1218 3549 ε
1240 3511 1258 3547 «
1272 3492 1296 3550 11

75 3588 221 3663 (Colbert)
233 3592 350 3662 voulut,
375 3610 416 3647 au
437 3592 542 3648 milieu
563 3592 603 3647 de
625 3608 676 3649 ses
691 3592 808 3664 grands
825 3592 967 3665 emplois‚
981 3592 1059 3648 faire
1079 3593 1125 3648 les
1144 3592 1296 3647 fonctions

74 3686 110 3744 de
125 3697 205 3747 cette
233 3691 347 3763 charge
362 3698 393 3747 61
418 3689 551 3762 prendre
584 3690 809 3746 connaissance
831 3690 871 3746 de
895 3707 929 3747 ce
950 3690 1005 3762 qui
1024 3707 1058 3746 66
1076 3692 1202 3762 passait
1215 3690 1296 3746 dans

73 3783 116 3841 les
131 3788 334 3845 assemhlees.
350 3788 396 3845 Nc
412 3796 552 3861 pouvant
572 3788 618 3860 s'y
642 3795 767 3869 trouver
790 3788 879 3844 aussi
900 3796 1032 3844 souvent
1053 3788 1127 3861 qu’il
1149 3794 1202 3845 6111
1223 3788 1296 3845 bien

76 3883 186 3956 desire,
199 3888 222 3943 il
238 3888 365 3944 commit
376 3886 421 3943 M.
440 3888 581 3955 Dumetz,
593 3886 757 3943 intendant
770 3886 828 3942 des
842 3886 983 3942 meubles
998 3885 1038 3943 de
1052 3887 1083 3942 la
1094 3896 1299 3957 couronne,et

74 3981 113 4039 M.
126 3985 276 4055 Perrault,
291 3986 346 4059 qui
365 4002 475 4043 exerce
488 3987 520 4041 la
535 3985 734 4041 commission
757 3985 813 4041 des
828 3984 998 4040 bttiments
1018 4000 1098 4056 pour
1120 4002 1141 4057 y
1162 3986 1297 4043 assister

75 4088 104 4135 61
116 4100 136 4155 y
150 4092 255 4156 porter
270 4101 322 4141 ses
337 4084 457 4140 ordres.
474 4102 488 4134 1
504 4083 652 4139 Attamen
673 4081 986 4138 animadvertendum
1001 4089 1049 4138 est
1071 4081 1200 4139 Colbert
1213 4100 1296 4139 anno

77 4179 138 4235 1661
156 4181 333 4238 Academiae
344 4189 550 4255 aggregatum
565 4197 647 4249 esse,
663 4180 792 4237 Dumetz
807 4187 914 4236 antem
930 4195 1012 4236 anno
1030 4179 1100 4236 1663
1113 4178 1159 4252 (30
1177 4181 1298 4237 decem·

74 4275 140 4350 1116)
155 4287 186 4341 61
199 4280 340 4337 Perrault
354 4295 435 4334 anno
450 4278 518 4334 1665
533 4278 566 4351 (4
576 4278 668 4350 juin).
696 4276 743 4334 Cf.
759 4277 853 4333 Vitet.
876 4277 1013 4333 Histoire
1034 4276 1074 4333 de
1093 4276 1294 4334 l’Acadc‘mie.

74 4374 159 4435 Unde
188 4377 343 4450 suspicari
371 4378 444 4433 licet
467 4377 588 4433 circiter
609 4391 691 4431 anno
717 4374 787 4447 1664
808 4374 938 4431 Colbert
956 4374 1161 4431 Academiam
1186 4391 1295 4447 regere

74 4478 213 4550 coepisse.

123 4603 167 4674 (4)
181 4601 308 4659 Colbert
319 4600 454 4673 primum
468 4600 537 4673 ipse
551 4598 583 4655 in
597 4597 801 4654 Academiam
824 4598 908 4653 venit
921 4615 1002 4655 anno
1016 4597 1086 4667 1664
1099 4598 1128 4667 (9
1140 4595 1288 4668 janvier).

74 4698 116 4755 (ll.
132 4701 409 4757 Procas-verbaux.
