3275 5167
743 439 747 446 ’
857 463 1014 528 -oo-

318 646 394 715 leur
409 647 495 716 dans
513 647 546 715 la
564 647 724 736 poitrine,
745 652 778 716 et
792 648 824 716 la
846 647 1016 740 digestion
1037 647 1097 716 des
1119 647 1261 716 viandes
1284 669 1320 715 se
1342 647 1404 715 fait
1419 647 1533 715 douce·

318 811 413 875 ment
430 807 516 875 dans
532 807 719 893 l'estomac‚
742 830 784 876 en
800 812 892 876 sorte
910 830 976 898 que
997 812 1085 876 cette
1105 809 1246 897 passion
1269 810 1322 875 est
1345 805 1428 875 utile
1454 829 1532 895 pour

320 969 355 1036 la
374 972 480 1038 sante.
506 969 625 1050 »Quis
655 991 725 1037 non
746 992 837 1058 aegre
863 970 967 1038 ferret
989 969 1072 1037 talia
1091 968 1134 1036 ab
1159 967 1218 1036 illo
1241 967 1449 1059 peritissimo
1469 965 1534 1056 pic·
1631 970 1633 1026 i

319 1133 392 1196 tore
411 1128 502 1197 dicta
516 1151 603 1214 esse,
620 1129 848 1198 Academicos
869 1129 1040 1220 plausisse
1055 1134 1089 1198 et
1104 1128 1244 1197 Colbert
1259 1128 1322 1196 has
1346 1127 1488 1217 ineptias
1503 1123 1534 1191 in

319 1289 433 1357 lucem
451 1253 689 1359 adduci'etedi
705 1290 878 1381 jussisset
906 1291 1006 1359 Tanti
1035 1294 1118 1359 sunt
1144 1311 1279 1359 errores
1304 1310 1393 1379 quos
1422 1286 1534 1376 cupido
1631 1276 1633 1365 i

316 1449 487 1519 artificum
507 1450 743 1521 docendorum
772 1455 806 1520 et
825 1451 1056 1541 regendorum
1077 1451 1201 1520 Carolo
1229 1451 1276 1521 Le
1310 1450 1408 1518 Brun
1438 1451 1532 1537 atque

320 1610 395 1701 ejus
416 1611 539 1679 amicis
558 1611 760 1681 inculcavit.
1631 1556 1633 1569 Ι

364 1773 484 1861 ltaque
517 1794 558 1840 ex
587 1794 690 1863 supra
709 1772 810 1841 dictis
843 1773 1005 1864 colligere
1025 1796 1210 1864 possumus
1239 1772 1338 1841 illum
1366 1771 1533 1864 pictorem,
1631 1769 1633 1853 ξ

322 1931 458 1999 etiamsi
486 1932 620 2000 tabulas
654 1955 733 2001 suas
764 1933 931 2023 jucundis
956 1933 1130 2002 coloribus
1154 1932 1335 2023 aliquoties
1356 1931 1488 2001 ornavit
1508 1933 1537 1996 et
1631 1922 1633 2037 l

321 2090 524 2181 plerumque
572 2092 777 2182 peritissime
831 2092 1027 2178 delineavit,
1072 2093 1109 2159 in
1142 2091 1211 2160 fere
1256 2091 1420 2160 omnibus
1469 2111 1535 2180 quae

319 2251 360 2318 de
409 2251 523 2318 colore
570 2252 624 2319 vel
676 2252 716 2320 de
771 2252 940 2343 graphide
1001 2253 1140 2344 scripsit
1195 2253 1281 2321 mire
1331 2252 1531 2343 peccavisse.
1631 2278 1633 2293 ·

320 2410 456 2479 Etenim
472 2411 621 2480 colorem
637 2412 723 2480 nihil
754 2412 820 2481 nisi
836 2418 1079 2482 ornamentum
1100 2412 1235 2497 habuit,
1269 2434 1372 2503 quem
1406 2411 1434 2480 si
1470 2411 1537 2479 laete
1631 2460 1633 2468 .

324 2573 505 2665 disponere
536 2581 633 2666 potes
650 2576 692 2643 ad
714 2598 886 2644 summam
914 2579 1022 2643 artem
1050 2575 1197 2644 accedis.
1229 2576 1307 2671 Non
1342 2575 1479 2665 longius
1506 2571 1536 2637 in

324 2735 413 2804 hane
452 2739 583 2825 partem
618 2734 763 2826 picturae
800 2757 1003 2826 progressus
1036 2741 1099 2819 est,
1145 2735 1325 2825 vetuitque
1359 2733 1536 2824 discipulos
1631 2796 1633 2823 i

324 2895 434 2985 magis
453 2895 494 2964 de
511 2917 551 2963 ea
568 2917 709 2979 curare;
736 2917 815 2961 nam
847 2895 943 2963 color
967 2917 1036 2963 non
1058 2894 1173 2984 seipso
1198 2893 1287 2962 valet
1313 2916 1377 2962 nec
1402 2893 1537 2983 alicujus
1631 2842 1633 2877 r

324 3055 425 3146 pretii
450 3059 502 3124 est
530 3054 596 3122 nisi
624 3053 783 3144 graphidi
808 3053 1034 3122 submittitur.
1067 3053 1241 3143 Graphide
1270 3053 1363 3120 enim
1388 3075 1442 3121 res
1468 3072 1538 3119 vere
1631 3032 1633 3039 ⁵

326 3214 518 3282 redduntur
550 3237 556 3280 :
592 3213 731 3302 graphis
761 3211 1002 3294 substantiam,
1038 3211 1134 3280 color
1164 3211 1357 3279 accidentia
1381 3211 1537 3279 imitatur.

326 3373 417 3455 Quid
452 3377 567 3441 autem
588 3371 629 3439 de
659 3372 723 3439 hac
751 3370 890 3440 utiliore
917 3376 950 3440 et
978 3372 1146 3440 nobiliore
1170 3371 1316 3462 picturae
1346 3376 1442 3463 parte
1467 3394 1539 3462 pro·
1631 3379 1633 3475 ξ

323 3536 435 3602 fessus
468 3539 519 3602 est
564 3535 610 3602 Le
639 3533 773 3601 Brun?
806 3533 1040 3602 Gratulandus
1083 3533 1223 3623 quidem
1263 3533 1356 3623 quod
1392 3539 1539 3601 naturam
1631 3582 1633 3631 t

325 3694 536 3764 reddendam
578 3717 652 3763 esse
690 3717 825 3784 semper
868 3698 1011 3762 testatus
1053 3694 1097 3761 sit
1140 3694 1194 3783 (ex
1242 3718 1310 3784 qua
1359 3694 1539 3763 imitatione
1631 3696 1633 3734 t

326 3855 452 3924 tabulae
477 3855 552 3946 ejus
586 3855 775 3945 praecipuas
807 3854 951 3923 virtutes
979 3853 1197 3944 hauserunt),
1223 3854 1415 3945 turpiorem
1436 3860 1539 3939 tamen
1631 3849 1633 3941 ξ

328 4020 500 4102 naturam,
535 4036 639 4105 quam
667 4014 839 4099 videmus,
873 4036 946 4082 esse
978 4014 1182 4104 plerumque
1215 4015 1366 4104 putavit,
1394 4019 1427 4082 et
1459 4013 1539 4082 indi·
1631 4092 1633 4123 =

328 4197 432 4266 gnam
466 4197 541 4265 quae
570 4175 703 4242 sincere
737 4174 996 4264 exprimeretur.
1023 4176 1141 4264 ltaque
1164 4179 1296 4243 naturae
1322 4175 1539 4243 imitationem
1631 4152 1633 4216 i

331 4333 509 4424 discipulis
543 4334 810 4418 commendavit,
855 4356 926 4401 non
955 4339 994 4402 ut
1026 4334 1108 4403 huic
1138 4335 1198 4401 uni
1227 4334 1318 4424 parti
1340 4355 1414 4402 sese
1447 4331 1540 4401 dede·

328 4501 415 4577 rent,
442 4493 500 4560 sed
533 4499 571 4562 ut
596 4494 698 4584 periti
731 4516 771 4562 ea
803 4496 859 4561 via
898 4495 978 4562 lacti
1010 4499 1151 4584 possent
1194 4494 1358 4583 deinceps
1392 4498 1540 4561 naturam

327 4653 369 4721 ad
386 4653 568 4743 pulchrius
593 4654 776 4738 adducere,
797 4653 851 4720 vel
868 4655 982 4744 potius
1023 4658 1060 4721 ut
1090 4659 1250 4721 naturam
1280 4653 1391 4743 ipsam
1412 4674 1484 4744 quae
1508 4649 1541 4714 in
