3275 5167
842 464 1019 530 ..103-

317 647 408 718 verit
443 648 565 717 incerti
604 671 737 719 sumus.
786 650 918 732 Quidni
965 651 1144 734 miremur,
1184 674 1294 743 quum
1334 652 1524 743 Rapbatlem

320 806 442 875 Sanzio
493 807 651 891 laudans,
701 831 777 878 esm
833 834 973 881 eausam
1024 813 1224 899 ruhmrum,
1286 813 1453 881 ssavarum
1501 818 1527 880 ct

317 964 475 1035 albarum
506 968 656 1037 vestium
697 970 826 1059 quibus
864 970 1012 1041 Sanctus
1049 971 1198 1040 Michael
1232 972 1403 1058 induitur,
1436 994 1527 1062 expo-

317 1129 427 1199 suerit
458 1150 465 1197 :
503 1152 518 1196 r
563 1128 658 1198 Pour
705 1129 823 1199 mieux
867 1134 1084 1221 representer
1131 1131 1218 1200 dans
1265 1136 1318 1200 cet
1362 1154 1451 1221 ange
1488 1154 1528 1199 un

318 1309 419 1378 corps
452 1287 511 1378 qui
541 1286 734 1357 convienne
769 1294 789 1355 e
827 1310 875 1358 un
908 1289 1015 1380 esprit
1048 1290 1202 1382 egissent
1228 1297 1261 1360 et
1291 1291 1527 1376 bienheurenx,
1618 1282 1619 1345 Ῑ

317 1446 469 1537 Raphatl
508 1469 549 1515 ne
602 1447 731 1516 semble
773 1449 873 1517 s'ttre
920 1450 1011 1519 servi
1061 1471 1128 1540 que
1175 1450 1216 1518 de
1262 1449 1346 1519 trois
1385 1448 1530 1518 coulenrs

315 1606 373 1697 qui
414 1606 488 1673 sont
534 1610 683 1695 paraitre
730 1607 772 1676 de
823 1607 964 1677 l’action
1016 1614 1050 1677 et
1090 1608 1150 1699 qui
1198 1608 1354 1678 tiennent
1407 1609 1449 1678 de
1503 1607 1531 1674 la

314 1766 458 1835 lumiere
494 1770 527 1835 et
559 1765 601 1835 de
630 1736 731 1850 l'air;
767 1788 825 1836 car
859 1790 904 1836 on
932 1768 1006 1837 voit
1033 1791 1100 1859 que
1128 1768 1215 1837 dans
1246 1790 1300 1838 ses
1330 1769 1426 1855 aileS,
1457 1768 1530 1837 dans

313 1951 368 1996 ses
396 1928 571 2018 draperies
612 1932 646 1997 et
691 1932 802 1998 meme
847 1929 933 1998 dans
971 1930 1005 1997 la
1052 1929 1244 2016 carnation,
1285 1929 1316 1998 le
1351 1952 1471 2022 rouge,
1505 1928 1531 1996 le
1619 1940 1620 1947 ³

309 2088 417 2181 jaune
446 2093 479 2158 et
511 2088 542 2158 le
584 2088 687 2157 blane
722 2112 744 2181 y
791 2088 970 2158 dominent
1013 2088 1262 2180 davantege.»
1299 2089 1401 2160 Unde
1431 2090 1469 2157 fit
1501 2092 1532 2156 nt

316 2249 445 2337 rubris,
484 2249 582 2317 ssavis
613 2254 647 2317 et
679 2247 766 2317 albis
807 2249 983 2321 coloribus
1013 2249 1091 2319 duae
1126 2250 1273 2319 virtutes
1301 2250 1531 2340 significentur
1618 2236 1619 2241 ¹

315 2436 402 2505 quas
451 2412 498 2479 Le
550 2412 645 2480 Rrun
695 2415 798 2480 vocat
846 2438 862 2475 n
894 2410 977 2479 taire
1014 2416 1164 2501 paraitre
1201 2411 1242 2480 de
1290 2409 1433 2479 l’action
1463 2436 1480 2476 s
1507 2414 1533 2478 et

318 2598 333 2642 r
364 2573 454 2641 tenir
483 2572 524 2641 de
551 2571 584 2639 ta
610 2571 753 2641 lumiere
787 2575 822 2640 et
864 2572 905 2639 de
929 2571 1016 2639 i'air.
1051 2596 1066 2638 r
1102 2571 1244 2640 Frustra
1273 2570 1530 2662 perscrutareris

316 2755 378 2802 cur
409 2732 463 2802 vel
488 2731 663 2822 quomodo
699 2730 809 2816 rubri,
842 2731 922 2799 flavi
951 2736 985 2799 et
1018 2730 1086 2799 albi
1121 2730 1254 2800 colores
1290 2756 1304 2800 r
1332 2732 1529 2800 actionem»

313 2894 493 2963 imitentur
559 2897 594 2961 et
649 2891 835 2983 participes
884 2890 1028 2959 luminis
1078 2892 1236 2981 aerisque
1279 2892 1351 2959 sint
1400 2916 1406 2960 :
1456 2912 1533 2980 aegre

316 3053 456 3147 quidem
488 3052 633 3122 ferimus
671 3051 835 3121 Carnium
873 3052 923 3120 Le
953 3051 1049 3119 Brun
1095 3051 1150 3119 vel
1185 3052 1361 3121 Andream
1391 3052 1532 3121 Felibien

316 3238 388 3283 non
415 3237 533 3283 curam
562 3212 669 3303 hujus
698 3212 747 3280 rei
784 3211 1001 3281 illustrandae
1029 3214 1233 3303 suscepisse.
1269 3214 1431 3290 Attamen
1468 3214 1533 3281 haec

315 3378 595 3459 contemnentur,
626 3374 669 3458 si,
699 3373 802 3441 etiam
844 3373 987 3458 cursim,
1023 3372 1191 3442 evolveris
1224 3374 1416 3442 orationem
1445 3372 1533 3440 habi·

314 3539 387 3602 tam
420 3535 456 3601 aa
491 3532 680 3602 Academia
714 3533 755 3601 aa
789 3533 926 3602 nicom
956 3534 1103 3603 massin
1136 3534 1255 3603 casura
1290 3558 1305 3601 a
1343 3535 1390 3603 ua
1423 3534 1532 3601 nans·
1621 3482 1622 3527 ¹

317 3698 450 3766 sement
483 3694 525 3762 de
556 3693 796 3763 seint-Paul»
830 3694 1014 3784 suscripta.
1045 3694 1096 3762 Ibi
1129 3696 1222 3762 enim
1251 3693 1532 3763 reconditissimas
1621 3666 1622 3745 i

317 3862 350 3926 et
380 3856 563 3924 inusitatas
602 3855 760 3924 colorum
807 3855 863 3926 vel
915 3856 1018 3924 etiam
1061 3855 1238 3949 graphidis
1274 3854 1531 3945 significationes

318 4018 514 4109 proposuit.

359 4180 463 4247 Anno
500 4179 691 4248 MDCLXX
726 4178 796 4269 (t),
833 4176 944 4268 pictor
970 4179 1099 4247 Nocret
1131 4178 1238 4268 hujus
1266 4178 1401 4247 Nicolat
1432 4177 1531 4245 Pons·
1621 4194 1622 4237 i

315 4340 368 4407 sin
409 4340 522 4429 operis
549 4339 694 4407 virtutes
740 4339 776 4405 in
820 4337 992 4428 colloquio
1042 4336 1193 4427 quodam
1234 4337 1528 4406 demonstraverat.

373 4663 418 4733 (1)
431 4662 450 4716 6
467 4662 643 4719 decembre.
