3275 5167
633 432 791 497 ..45-

77 614 283 685 miratione
316 616 537 706 dignissimas
572 616 736 686 historias
770 617 941 687 effinxerit
983 640 990 685 ε
1036 617 1094 687 hic
1127 618 1218 685 enim
1246 640 1323 709 quae

77 776 285 847 meditatus
323 782 398 846 erat
432 801 536 868 quam
578 778 705 868 optime
745 779 941 869 exprimens
971 778 1058 846 nihil
1093 778 1323 847 meditabatur

78 936 175 1025 quin
237 937 342 1005 altam
377 944 411 1006 et
451 938 634 1029 pulchram
672 943 823 1007 mentem
865 940 1011 1011 deceret.
1051 940 1099 1007 At
1135 940 1325 1030 praesertim

78 1095 174 1183 quia
220 1098 381 1187 antiquos
414 1098 563 1167 artifices
607 1100 729 1168 ceteris
757 1099 954 1190 anteposuit
991 1104 1024 1168 et
1057 1122 1098 1168 ex
1128 1100 1170 1167 iis
1204 1121 1325 1168 omnes

80 1258 301 1328 tabularum
330 1261 459 1351 figuras
494 1259 657 1329 delineari
681 1260 803 1346 voluit,
834 1260 989 1329 studium
1021 1266 1055 1330 ct
1083 1262 1323 1330 necessitatem

82 1420 279 1507 gravitatis
318 1424 462 1492 testatus
494 1426 556 1491 est.
598 1422 659 1489 His
700 1423 792 1491 enim
834 1421 988 1492 sanctius
1025 1427 1059 1492 et
1092 1423 1323 1492 verecundius

83 1580 185 1649 nihil
237 1587 299 1651 est.
349 1582 548 1653 Orationem
586 1587 701 1652 autem
742 1584 784 1653 de
825 1582 943 1652 tabula
984 1583 1119 1652 Nicolal
1174 1583 1323 1652 Poussin

84 1742 239 1813 Judaeos
282 1744 414 1813 victum
452 1745 658 1835 accipientes
694 1744 858 1813 reddente
894 1744 930 1812 in
970 1744 1158 1813 Academia
1201 1767 1319 1835 agens

86 1926 158 1993 pro
212 1904 285 1973 istis
328 1905 490 1974 laudibus
526 1928 612 1996 quas
651 1905 753 1974 hodie
792 1904 914 1973 artifici
943 1905 1104 1973 novitatis
1142 1905 1324 1995 cujusdam

88 2065 151 2133 vel
197 2066 252 2133 sui
287 2065 323 2132 in
356 2066 475 2135 tabula
511 2064 724 2155 exprimendi
767 2066 891 2157 cupido
920 2065 1116 2151 tribuimus
1165 2064 1328 2132 illustris-

94 2224 194 2293 simo
240 2225 367 2317 pictori
414 2226 606 2315 gratulatus
653 2231 705 2295 est
750 2227 856 2316 quod,
903 2224 1044 2294 nullae
1092 2247 1156 2293 suo
1185 2224 1325 2315 ingenio

92 2385 213 2476 figura
248 2387 384 2473 hausta,
416 2409 536 2455 omues
566 2387 723 2455 omnium
751 2409 937 2478 corporum
961 2408 1141 2454 mensuras
1175 2390 1208 2453 et
1232 2385 1327 2475 posi·

92 2546 212 2616 tiones
243 2549 284 2615 ab
319 2548 521 2638 antiquitate
563 2549 779 2638 sumpsisset,
826 2543 969 2616 Summa
1000 2571 1069 2633 ars,
1108 2551 1147 2615 ut
1175 2546 1325 2631 videtur,

95 2730 140 2777 ex
193 2709 387 2777 imitatione
432 2713 589 2778 veterum
627 2714 660 2778 et
706 2732 905 2778 severorum
949 2708 1129 2798 signorum
1175 2713 1276 2777 coust
1298 2713 1325 2777 t.

96 2870 328 2959 Amplissima
361 2871 453 2938 enim
483 2871 520 2937 in
553 2870 708 2940 oratione
745 2875 797 2939 est
834 2871 908 2939 haec
941 2870 1172 2938 dinumeratio
1206 2869 1327 2959 singu-

97 3029 215 3099 larum
257 3031 449 3122 figurarum
496 3054 643 3121 quarum
691 3054 798 3100 unam
848 3030 1012 3099 virtutem
1063 3029 1326 3097 similitudinem

99 3192 289 3281 quamdam
328 3192 544 3283 antiquitatis
583 3192 688 3261 fuisse
726 3192 946 3260 arbitratur:
978 3218 992 3259 1
1029 3192 1057 3259 11
1094 3194 1232 3259 montra
1260 3212 1327 3280 quc

100 3351 133 3420 la
169 3354 279 3461 figure
306 3354 348 3422 de
382 3376 420 3422 ce
447 3353 603 3452 vieillard
636 3352 696 3443 qui
730 3359 781 3421 est
818 3353 947 3422 debout
976 3376 996 3419 a
1036 3351 1069 3419 la
1107 3354 1217 3419 meme
1248 3373 1329 3440 pro-

101 3512 241 3620 portion
290 3535 356 3603 quc
394 3512 477 3581 celle
526 3513 573 3581 du
612 3513 817 3581 Laocoon...
874 3535 940 3602 que
994 3513 1078 3579 c’est
1123 3533 1182 3578 sur
1240 3514 1358 3579 cetto-

101 3676 214 3741 mdme
247 3674 453 3763 proportior
486 3673 571 3763 qu'il
606 3698 625 3741 1
666 3674 776 3742 forme
816 3673 847 3741 le
891 3695 993 3763 corps
1031 3673 1072 3741 de
1119 3673 1326 3742 l’hommc...

103 3839 213 3924 quant
254 3840 274 3902 1
319 3834 353 3903 11
394 3835 517 3903 lemme
573 3834 632 3923 qui
669 3832 785 3902 donne
826 3833 860 3900 la
904 3832 1060 3901 mamellc
1100 3838 1120 3900 t
1152 3857 1191 3900 sa
1220 3838 1326 3919 mere,

102 3993 127 4061 il
169 3993 208 4061 lit
247 3995 323 4064 voir
382 3992 505 4084 qu'elle
544 3994 631 4062 tient
673 3993 716 4062 dc
768 3993 802 4061 11
842 3993 953 4083 figure
991 3992 1032 4061 de
1085 3993 1238 4062 Niobc'...
1279 3994 1329 4062 Le

103 4153 260 4223 vicillard
289 4156 349 4245 qui
388 4160 441 4225 est
468 4155 601 4224 couchd
634 4154 783 4223 derrierc
820 4175 877 4222 ces
910 4154 1052 4222 lemmes
1087 4154 1151 4221 tire
1185 4176 1223 4221 sa
1256 4175 1331 4222 res-

104 4315 299 4385 semblance
330 4315 372 4384 de
404 4315 438 4384 11
470 4320 581 4386 statue
614 4316 656 4385 de
690 4314 848 4405 sonoque
881 4315 941 4408 qui
969 4320 1021 4383 cst
1057 4322 1076 4382 1
1105 4315 1214 4383 Rome
1243 4314 1329 4382 dans

105 4478 136 4546 la
159 4478 263 4567 vigne
291 4479 344 4547 -dc
372 4478 590 4568 Borghese...
627 4478 743 4559 Quart
776 4502 820 4546 au
862 4478 966 4567 jeunc
1009 4478 1149 4546 homme
1184 4476 1244 4566 qui
1280 4476 1331 4545 lui

104 4636 212 4728 parle‚
243 4638 267 4705 il
292 4660 475 4728 remarqua
510 4637 592 4728 qu’il
631 4638 719 4706 tient
758 4638 940 4726 beaucoup
981 4636 1022 4704 de
1060 4636 1093 4703 la
1125 4636 1327 4726 proportion
