3275 5167
860 432 1021 494 ..44-

322 620 357 687 et
389 615 523 707 depend
552 637 614 706 par
643 621 856 709 consequent
884 617 926 687 de
955 616 1209 708 l'imagination
1236 621 1270 685 et
1298 613 1342 685 de
1364 616 1402 685 la
1427 617 1545 700 main;

321 776 345 845 il
373 781 455 867 peut
487 775 580 845 aussi
618 776 818 867 s’exprimer
861 800 923 869 par
962 777 1024 846 des
1068 777 1204 868 perolas
1235 801 1251 843 a
1296 777 1360 867 (l).
1413 776 1546 846 Carolus

322 936 369 1006 Le
410 936 518 1023 Brun,
548 958 657 1027 quum
701 936 814 1006 voluit
864 937 1069 1027 graphidem
1122 958 1165 1006 ex
1204 959 1276 1006 una
1312 942 1434 1006 mente
1474 962 1548 1028 pen·

321 1095 400 1166 dere
433 1096 481 1163 ita
518 1098 556 1165 ut
602 1095 834 1166 intellectuale
886 1096 1063 1188 quoddam
1104 1119 1180 1167 esse
1215 1097 1409 1183 videretur,
1453 1103 1488 1167 et
1515 1122 1548 1167 ex

322 1256 388 1325 hac
428 1282 447 1321 a
476 1254 698 1326 intellectuali
729 1281 744 1324 a
788 1279 957 1327 rausum
994 1258 1112 1348 ipsum
1152 1259 1260 1338 nasci,
1292 1259 1453 1349 prolecto
1488 1281 1549 1327 non

322 1416 466 1519 putabat
498 1419 606 1484 artem
635 1414 856 1487 lasciviarum
884 1415 1071 1485 nimiarum
1096 1416 1150 1486 vel
1183 1416 1397 1506 turpissimae
1424 1422 1549 1486 natura

326 1576 513 1669 imaginem
544 1576 755 1646 reddituram
784 1599 859 1646 ease
900 1601 907 1646 :
939 1599 1016 1668 quae
1045 1600 1116 1646 non
1153 1577 1196 1647 ad
1225 1582 1388 1663 mentem,
1429 1579 1490 1647 sed
1512 1578 1548 1647 ad

326 1736 540 1807 miserrimos
578 1741 706 1825 motna,
751 1741 790 1807 ut
822 1738 898 1829 ejus
931 1737 1041 1806 aetatia
1079 1738 1239 1807 homines
1279 1739 1545 1822 arbitrabantur,

326 1900 492 1988 spectat..
516 1897 635 1988 ltaque
683 1896 816 1966 etiarnsi
869 1896 1057 1967 contendas
1086 1896 1348 1968 celeberrimum
1383 1898 1547 1967 artificem

328 2056 437 2149 (quod
462 2062 578 2126 tamen
625 2056 765 2151 longius
802 2081 823 2126 a
859 2057 1004 2126 veritate
1039 2058 1215 2127 discedere
1254 2059 1408 2148 videtur)
1447 2059 1547 2151 picto-

327 2216 424 2285 ribus
457 2217 614 2287 omnium
664 2239 780 2288 rerum
831 2216 1062 2287 imitationem
1113 2219 1340 2307 concessisse,
1371 2218 1546 2289 confestim

327 2376 524 2447 addendum
561 2383 614 2446 eat
642 2377 732 2447 hanc
766 2377 943 2447 licentiam
971 2378 1174 2448 necessitate
1209 2379 1388 2470 dignitatis
1413 2402 1547 2449 servan·

328 2538 381 2607 dae
417 2537 606 2607 cohibitam
636 2561 722 2609 esse.

373 2696 533 2768 Ceterum
582 2699 625 2786 si,
679 2705 804 2791 praeter
850 2699 1033 2769 Nicolaum
1081 2702 1240 2789 Poussin,
1275 2724 1362 2793 quos
1405 2702 1546 2771 artifices

327 2858 514 2929 imitandos
569 2860 781 2929 existimaret
818 2861 987 2950 requiras,
1035 2861 1224 2931 elatissima
1278 2863 1418 2954 ingenia
1461 2864 1545 2931 inve-

327 3020 400 3089 nies
434 3044 441 3091 :
474 3020 564 3089 inter
593 3043 670 3111 quae
690 3021 823 3111 primus
854 3020 1007 3113 Raphael
1032 3021 1155 3092 Sanzio
1190 3022 1356 3091 referetur
1380 3025 1446 3111 (2),
1481 3044 1546 3089 non
1609 3112 1612 3116 ἶ

326 3181 485 3251 soluma
517 3181 639 3251 Carolo
666 3182 712 3250 Le
741 3181 835 3250 Brun
871 3182 1029 3251 excultus
1058 3182 1150 3272 quod
1181 3204 1366 3253 summam.
1384 3181 1545 3273 pingendi

330 3345 438 3409 artem
462 3344 641 3408 assecutus
669 3340 726 3427 sit,
758 3341 816 3409 sed
855 3341 958 3410 etiam
996 3342 1089 3433 quod
1132 3364 1267 3433 semper
1295 3348 1485 3433 conspectu
1519 3344 1547 3409 et

377 3822 425 3896 (1)
444 3822 574 3881 Charles
589 3824 631 3879 Le
644 3824 737 3880 Brun.
754 3854 788 3865 ·-
802 3822 990 3881 sentimenta
1012 3837 1067 3877 sur
1085 3821 1115 3877 le
1129 3819 1273 3877 discours
1287 3820 1330 3876 du
1341 3820 1454 3878 merite
1469 3821 1508 3879 de
1520 3821 1546 3875 la

327 3922 454 3978 couleur
465 3938 525 3994 par
540 3922 581 3977 M.
596 3921 784 3978 Blanclrard.

379 4048 428 4122 (a)
450 4046 545 4119 Apud
579 4046 746 4103 Claudium
768 4046 900 4101 Nivelon
925 4044 998 4117 (Vie
1022 4045 1061 4101 de
1087 4044 1218 4101 Charles
1244 4046 1286 4100 Le
1319 4045 1414 4114 Brun,
1444 4063 1476 4118 p.
1507 4045 1547 4116 19)

325 4146 458 4218 legimus
475 4162 482 4202 :
500 4167 513 4198 a
529 4145 570 4201 M.
587 4146 614 4201 le
630 4143 779 4201 Cardinal
802 4144 942 4200 Mazarin
957 4144 999 4199 lui
1014 4143 1206 4199 demandant
1228 4145 1247 4197 a
1262 4144 1364 4216 quelle
1378 4144 1518 4199 montore
1528 4141 1546 4197 il

327 4242 431 4299 s'etait
443 4243 472 4299 le
487 4242 557 4314 ptus
572 4242 697 4299 attache
712 4241 930 4315 pouretudier,
942 4241 964 4295 il
975 4241 1019 4296 lui
1033 4240 1179 4313 repondit
1186 4258 1248 4313 que
1263 4240 1394 4296 c‘etaita't
1409 4239 1545 4313 Raphnel

326 4358 446 4399 comme
461 4342 546 4397 etant
556 4341 584 4397 le
599 4357 673 4413 gros
688 4339 727 4395 de
741 4340 863 4395 l’arbre.
887 4340 911 4395 ss
929 4355 969 4395 ne
988 4338 1089 4395 laissa
1112 4354 1234 4395 aucune
1252 4339 1309 4393 des
1322 4338 1422 4394 belles
1437 4340 1545 4412 figures

325 4441 472 4513 antiques
485 4438 517 4494 ni
530 4439 586 4495 des
601 4436 779 4495 bas-reliefs
792 4454 867 4493 sans
878 4438 924 4493 les
942 4437 1073 4503 etudier,
1094 4453 1169 4491 sans
1190 4438 1236 4493 les
1256 4435 1411 4505 dessiner,
1428 4453 1468 4492 en
1480 4434 1546 4509 quoi

324 4538 386 4593 l'on
399 4545 475 4609 peut
490 4536 557 4592 dire
571 4535 646 4608 qu'il
658 4552 678 4590 a
691 4534 789 4590 forme
805 4541 886 4590 cette
899 4533 1019 4606 grande
1041 4540 1072 4589 et
1084 4533 1171 4589 riche
1185 4534 1322 4591 maniere
1336 4541 1398 4607 que
1414 4533 1476 4590 l'on
1489 4532 1547 4589 voit

327 4634 407 4690 dans
424 4649 475 4689 ses
490 4648 657 4705 ouvrages.
675 4651 688 4683 a
