3275 5167
512 2053 658 2123 CAPUT
683 2053 932 2125 SECUNDUM

340 2411 446 2477 Quid
460 2411 691 2491 pictoribus
713 2411 1048 2493 persequendum
1062 2411 1119 2476 stt

149 2873 331 2944 Orationes
355 2874 469 2944 Caroli
497 2877 544 2945 Le
568 2877 663 2945 Brun
690 2876 885 2968 legentibus
911 2876 1028 2944 statim
1060 2880 1201 2966 apparet
1236 2875 1330 2945 hune

103 3034 274 3103 eximium
295 3036 462 3126 piatorem
487 3059 557 3105 non
584 3037 698 3105 solum
713 3037 823 3106 multa
843 3038 885 3105 ad
910 3041 1017 3105 artem
1037 3057 1136 3104 suam
1156 3035 1333 3125 pertinen-

102 3196 154 3264 tia
170 3195 413 3286 disputavisse,
435 3197 494 3264 sed
509 3196 613 3264 etiam
627 3196 720 3265 illius
738 3198 845 3266 verba
865 3219 1000 3287 semper
1015 3182 1184 3266 ad'unum
1200 3200 1332 3287 speeta—
1375 3297 1377 3303 Ι

100 3354 197 3423 visse
224 3358 257 3422 et
284 3354 519 3424 definitionem
548 3357 735 3447 quamdam
761 3356 1034 3447 pulchritudinis
1062 3379 1103 3425 ex
1135 3356 1178 3423 iis
1206 3355 1327 3423 inferri

104 3536 221 3605 posse.
258 3511 359 3582 Parvi
398 3515 491 3584 enim
524 3516 628 3585 refert
653 3539 733 3585 eum
764 3517 854 3585 hane
882 3515 1120 3585 definitionem
1154 3515 1325 3599 omisisse,

105 3696 217 3765 quum
245 3696 336 3765 saepe
363 3676 611 3765 significaverit
637 3677 719 3767 quid
748 3677 940 3768 pictoribus
955 3678 1233 3767 persequendum
1254 3698 1328 3745 esse

104 3834 331 3906 existimaret.
353 3836 473 3926 Itaque
492 3842 678 3927 antequam
700 3838 783 3928 quid
799 3839 841 3907 de
861 3862 928 3908 usu
943 3838 1086 3929 pieturae
1107 3837 1330 3906 commenda·

101 3994 192 4064 verit
214 4000 275 4064 aut
291 3994 434 4085 jusserit
455 3998 684 4088 requiramus,
711 3998 804 4088 quod
829 3999 870 4067 de
895 3999 1020 4067 artium
1049 3996 1117 4067 fine
1147 3998 1254 4067 sensit
1289 4019 1331 4065 ex

101 4157 265 4248 plurimis
281 4158 355 4248 ejus
373 4157 572 4227 libellorum
588 4158 676 4227 loeis
691 4158 908 4228 hauriemus,

151 4317 307 4386 Primum
321 4317 421 4386 uobis
437 4318 719 4408 cognoscendum
738 4322 789 4386 est
804 4341 890 4408 quas
910 4341 965 4387 res
979 4317 1197 4409 potissimum
1213 4318 1329 4385 imita·

102 4477 200 4547 tione
212 4477 333 4568 dignas
344 4478 488 4549 Carolus
506 4481 552 4548 Le
562 4479 658 4548 Brun
669 4478 906 4548 arbitraretur.
919 4480 966 4549 At
975 4500 1146 4568 nusquam
1156 4500 1197 4545 ex
1209 4478 1328 4547 ordine
1345 4548 1346 4552 ,

101 4639 196 4708 hane
220 4638 445 4728 quaestionem
472 4640 703 4731 pertractavit.
736 4638 944 4729 Quanquam
979 4638 1072 4708 haud
1106 4638 1251 4706 dubium
1278 4644 1330 4707 est
