3275 5167
1192 495 1552 556 —111—

138 678 261 749 sed
359 680 641 747 omnino
737 679 971 749 lumen
1058 684 1126 747 et
1204 678 1576 746 candorem
1680 678 1957 746 imitari.
2063 678 2264 760 Quod
2365 683 2591 747 tamen

135 839 405 927 lumen,
501 863 705 931 quem
788 840 1159 909 candorem
1255 838 1633 929 significari
1727 838 1962 906 vult?
2036 839 2194 906 Non
2288 840 2591 929 profecto

138 1001 329 1069 hanc
422 1000 649 1070 lucem
740 1023 877 1090 qua
961 1023 1071 1067 res
1165 998 1556 1067 discernere
1651 999 1836 1067 oculi
1914 999 2160 1083 solent,
2249 1000 2367 1070 sed
2445 1023 2591 1069 eam

136 1183 354 1249 quam
422 1161 728 1252 theologi
787 1160 1235 1251 praevenienti
1301 1164 1366 1227 et
1420 1160 1684 1228 efficaci
1741 1159 1978 1249 gratiae
2040 1160 2265 1228 inesse
2319 1166 2587 1251 putant.

133 1322 276 1393 Vix
370 1326 597 1389 autem
683 1321 1059 1411 quidquam
1143 1319 1518 1387 asseverari
1610 1319 1939 1388 audacius
2052 1325 2299 1410 potest.
2354 1351 2360 1358 ·
2419 1323 2591 1389 Nam

137 1482 380 1550 nescio
452 1504 577 1550 cur
642 1505 826 1550 unus
910 1482 1129 1550 ssavus
1188 1480 1403 1564 color,
1468 1503 1609 1547 non
1669 1502 2082 1570 purpureuS,
2164 1486 2282 1550 aut
2379 1505 2594 1551 caeru-

143 1665 300 1726 eUS,
379 1646 499 1710 aut
564 1641 758 1709 albus
830 1641 1122 1731 gratiam
1194 1640 1732 1731 praevenientem
1824 1645 1891 1707 et
1956 1640 2304 1709 efficacem
2376 1642 2591 1711 imile—

139 1808 261 1870 tur
310 1824 324 1869 z
409 1801 492 1869 de
553 1823 687 1890 qua
746 1824 819 1869 re
894 1790 1181 1870 Carolus
1238 1801 1333 1869 Le
1384 1801 1575 1869 Brun
1647 1800 1881 1870 tacuit.
1948 1802 2287 1871 Praeterea
2346 1802 2595 1901 addon-

136 1930 311 2031 dum
396 1967 499 2029 est
605 1962 792 2030 hunc
880 1962 1135 2030 ssavum
1229 1963 1531 2030 colorem
1615 1985 1757 2030 non
1852 1962 1922 2029 in
2000 1964 2235 2034 tabula
2327 1962 2591 2031 Nicolffl

139 2122 447 2191 Poussin
530 2122 965 2212 perlucidum
1039 2144 1186 2191 esse
1280 2121 1867 2212 quemadmodum
1982 2124 2163 2213 apud
2258 2124 2587 2214 quosdam

135 2281 564 2351 Venetianos
623 2283 947 2372 pictores,
1023 2283 1237 2350 immo
1301 2306 1464 2351 vero
1526 2283 1999 2353 obscuriorem
2057 2289 2122 2352 et
2188 2283 2588 2352 crassiorem

137 2462 294 2508 esse
373 2463 583 2534 quam
658 2446 734 2509 ut
800 2442 1092 2509 nitorem
1161 2441 1297 2510 diei
1363 2446 1430 2510 et
1502 2442 1728 2533 ipsam
1794 2444 2277 2533 praevenientis
2359 2447 2593 2536 gratia·

139 2603 441 2693 gloriam
508 2603 769 2672 reddat.

232 2763 435 2844 Quod
526 2763 585 2830 si
673 2764 756 2833 de
841 2764 1134 2833 caeruleo
1218 2766 1448 2833 colore
1527 2766 1825 2835 vestium
1901 2769 2110 2836 unius
2187 2770 2587 2861 angelorum

135 2924 694 2993 illustrissimum
776 2925 1110 3014 pictorem
1199 2925 1631 3015 interroges:
1736 2951 1765 2993 ι(
1852 2928 1948 2995 Le
2036 2929 2290 2996 second
2391 2954 2587 3019 ange..

131 3085 346 3168 dicet,
409 3084 529 3174 qui
586 3090 807 3175 parait
864 3085 1035 3153 dans
1093 3083 1377 3154 l'ombre
1443 3086 1662 3176 figure
1719 3085 1901 3153 l’etat
1972 3086 2056 3154 de
2137 3092 2312 3156 cette
2388 3095 2591 3179 granu

133 3244 649 3313 concomitante
716 3268 803 3313 ou
866 3245 1139 3313 aidante
1195 3245 1314 3335 qui
1372 3246 1547 3313 n’est
1608 3269 1733 3335 pas
1800 3245 1858 3312 si
1938 3246 2274 3316 eclatante
2336 3272 2471 3339 que
2531 3251 2591 3315 la

130 3406 475 3497 premiere
533 3411 599 3474 et
658 3406 777 3496 qui
836 3428 919 3472 ne
985 3406 1291 3473 soutient
1353 3427 1475 3495 pas
1543 3427 1708 3473 avec
1776 3411 1925 3473 tant
2002 3408 2086 3476 de
2180 3409 2388 3478 force.
2472 3411 2587 3479 (jul

132 3588 319 3656 ange
377 3571 478 3634 est
534 3571 695 3636 vetu
770 3566 937 3634 d'un
1020 3566 1175 3634 bleu
1251 3566 1456 3649 brun,
1558 3588 1763 3655 parce
1842 3589 1976 3656 que
2055 3573 2230 3638 cette
2307 3572 2587 3641 coulem¹

134 3730 536 3814 representa
594 3724 759 3794 celle
816 3725 899 3794 de
954 3725 1131 3811 l'air‚
1193 3725 1507 3815 lorsqu'il
1575 3731 1681 3794 est
1754 3728 1932 3816 agite
2019 3733 2085 3797 et
2173 3731 2464 3801 brouille
2523 3763 2583 3799 :·:·.

134 3883 483 3973 Equidem
550 3870 935 3975 'quamdam
1011 3885 1538 3956 similitudinem
1613 3886 1880 3977 adspici
1962 3892 2266 3960 concedo
2355 3894 2587 3983 (quan-

137 4067 352 4134 quam
432 4045 612 4114 hanc
707 4046 1063 4114 minimam
1141 4069 1288 4115 esse
1345 4068 1583 4114 omnes
1632 4048 2062 4138 fatebuntur)
2116 4053 2291 4119 aeris
2353 4053 2587 4143 agitali

138 4206 557 4297 obscurique
632 4213 699 4276 et
770 4209 989 4299 gratia
1068 4207 1597 4276 concomitantis
1654 4231 1668 4292 ;
1760 4209 1879 4276 sed
1964 4212 2250 4281 omnino
2338 4215 2583 4283 mirum·

139 4371 246 4436 est
321 4368 504 4458 quod
570 4368 789 4458 gratia
843 4368 1272 4459 praeveniens
1340 4368 1515 4436 ssavo
1569 4367 1823 4453 colore,
1891 4392 2032 4437 non
2089 4372 2448 4462 splendido
2523 4387 2579 4443 fl!

145 4528 442 4598 caeruleo
502 4529 946 4619 exprimenda
1011 4530 1123 4614 sit,
1186 4531 1407 4620 gratia
1464 4534 1696 4597 autem
1765 4534 2240 4601 concomitans
2293 4535 2587 4603 obscum·

141 4698 206 4760 et
265 4688 584 4775 caeruleo,
638 4713 779 4759 non
836 4689 1017 4758 flavo
1075 4695 1142 4759 et
1208 4713 1439 4758 crasso
1514 4690 1818 4780 pulveris
1881 4692 2113 4765 simili.
2163 4696 2324 4765 Veri
2367 4695 2587 4767 similt-
