3275 5167
134 674 369 742 fallait
432 697 609 764 pour
649 697 970 764 marquer
1025 674 1090 742 la
1156 674 1502 765 grandeur
1561 674 1646 743 de
1679 698 1754 743 ce
1804 675 2107 759 miracle,
2150 676 2319 743 faire
2344 677 2497 743 voir
2521 699 2606 744 en
2697 751 2702 755 ,

139 838 377 903 meme
418 839 637 925 temps
668 836 855 904 l'etat
885 844 974 904 ou
1013 836 1077 906 le
1127 836 1374 927 peuple
1398 836 1539 926 juif
1558 838 1722 905 etait
1753 836 1936 904 alors
1970 860 2029 905 ».
2067 835 2265 905 Unde
2306 839 2379 903 fit
2411 843 2483 903 ut
2527 837 2607 903 ad

137 996 424 1063 animos
453 996 706 1086 pietate
747 1001 864 1064 aut
913 1000 1201 1083 terrore,
1259 1004 1448 1065 more'
1516 1001 1906 1087 poetarum,
1979 995 2355 1063 movendos
2415 999 2611 1063 liceat

140 1155 392 1223 omnia
474 1156 749 1224 misceri
815 1160 882 1224 et
954 1157 1422 1225 commutari:
1479 1156 1665 1246 quod
1736 1178 2094 1245 nunquam
2161 1155 2615 1223 concussisset

138 1315 448 1383 Carolus
481 1316 574 1384 Le
589 1317 803 1399 Brun,
834 1316 967 1383 nisi
999 1317 1083 1384 ad
1115 1317 1436 1385 eamdem
1462 1317 1673 1386 finem
1705 1335 1783 1384 ac
1814 1316 2112 1406 scriptor
2141 1315 2607 1404 spectavisset.

239 1477 586 1543 Praeterea
656 1499 794 1566 quo
864 1477 1095 1545 studio
1169 1483 1567 1567 poematum
1657 1482 1722 1545 et
1793 1476 2241 1544 historiarum
2327 1475 2611 1543 virtutes

146 1637 611 1721 affectaverit,
674 1659 755 1706 ex
826 1637 977 1726 ipsa
1059 1661 1225 1706 cura
1292 1662 1452 1727 qua,
1521 1638 1732 1706 verba
1789 1636 2066 1705 illorum
2149 1643 2447 1715 secunus³
2539 1659 2615 1703 ua

140 1796 414 1863 servari
484 1795 772 1885 jusserit
833 1798 1117 1866 omnino
1206 1802 1501 1866 constat.
1580 1798 1760 1864 Nam
1820 1819 2000 1887 saepe
2082 1796 2153 1862 in
2221 1795 2611 1863 Academiar-

143 1955 739 2045 disputationibus
812 1959 1042 2026 evenit
1105 1964 1180 2026 ut
1248 1958 1615 2025 Nicolaum
1668 1957 1959 2025 Poussin
2025 1956 2135 2023 vel
2183 1955 2611 2023 narrationes

141 2139 382 2184 sacras
465 2116 758 2185 fideliter
841 2118 1361 2208 obsequentem,
1435 2117 1544 2184 vel
1627 2115 1883 2206 aliquid
1970 2115 2439 2183 detrahentem
2495 2123 2611 2179 aut

159 2276 555 2360 addentem,
664 2278 1144 2346 auctoritatem
1240 2278 1618 2368 Scripturae
1716 2277 2098 2367 proferenS,
2204 2275 2603 2343 defenderit.

139 2437 281 2505 Vix
352 2437 857 2507 recordandum
925 2443 1027 2516 est
1112 2461 1248 2529 quo
1333 2438 1597 2524 ardore,
1671 2438 1880 2505 verba
1950 2436 2225 2544 singula
2292 2435 2607 2503 his-turia-

143 2619 308 2665 rum
404 2621 759 2668 sacrarum
841 2603 1312 2689 perscrutanS‚
1413 2598 1711 2666 camelos
1813 2597 2092 2688 longius
2175 2596 2259 2663 ab
2355 2599 2607 2667 Eliezer

151 2757 603 2847 Rebeccaque
663 2759 964 2828 abfuisse
1043 2782 1250 2849 quam
1347 2763 1425 2827 ut
1511 2758 2055 2849 exprimerentur
2139 2759 2603 2839 contenderim

146 2915 342 2984 nulla
407 2922 509 2984 est
573 2940 733 3009 pars
800 2918 1051 2986 tabula}
1127 2918 1293 3007 quin
1364 2940 1524 2986 cum
1591 2917 1986 2985 narratione
2046 2917 2303 3005 scripta
2375 2919 2459 2983 ab
2527 2943 2603 2983 eu

143 3075 397 3143 collata
455 3077 565 3161 sit,
641 3078 843 3167 quasi
909 3077 1096 3145 illius
1182 3078 1440 3146 vitutes
1526 3100 1607 3145 ex
1697 3100 1838 3145 una
1932 3076 2143 3164 hujus
2220 3075 2603 3143 imitatione

144 3237 663 3333 pependissent.
758 3238 944 3318 Quin
1002 3238 1234 3323 etiam,
1295 3238 1367 3303 in
1450 3212 1580 3305 hac
1664 3236 2128 3325 disputatione
2205 3234 2335 3302 alia
2411 3259 2599 3323 quau-

143 3397 305 3464 dam
364 3397 675 3487 ejusdem
752 3398 1022 3487 generis
1087 3397 1375 3487 quaestio
1459 3396 1714 3486 agitata
1770 3401 1920 3479 est;
1987 3418 2174 3479 nam,
2235 3403 2603 3484 postquam

143 3555 230 3623 de
290 3557 524 3625 tabula
598 3556 871 3624 Nicolai
942 3556 1241 3624 Poussin
1321 3554 1751 3645 disputatum
1803 3559 1970 3639 erat,
2046 3579 2075 3620 «
2146 3577 2241 3621 un
2301 3555 2599 3643 pai-tiru-

142 3714 357 3785 lier...
428 3716 528 3784 dit
596 3740 729 3806 que
779 3717 841 3785 le
872 3717 1242 3801 Carrache,
1312 3714 1482 3782 dans
1547 3739 1644 3784 un
1714 3715 1988 3783 tableau
2056 3715 2173 3804 qui
2250 3723 2603 3803 repressu-

137 3875 270 3942 tait
334 3876 403 3944 la
461 3877 761 3945 Nativite
820 3877 912 3945 du
975 3878 1313 3962 Sauveur,
1375 3875 1632 3944 n'avait
1691 3898 1814 3965 pas
1873 3875 1994 3942 fait
2093 3875 2175 3943 de
2270 3875 2599 3943 dil'iiuulte

144 4037 232 4105 de
288 4041 530 4105 mettre
589 4060 711 4105 sur
776 4037 841 4104 la
905 4036 1242 4126 premiere
1308 4035 1496 4125 ligne
1594 4034 1677 4103 de
1751 4058 1826 4103 ce
1914 4035 2160 4103 tabeau
2239 4058 2335 4103 un
2415 4035 2607 4103 hcc-uf

144 4202 215 4264 et
273 4220 371 4266 un
437 4202 565 4265 ane
600 4222 660 4267 ».
718 4197 988 4267 Statim*
1044 4197 1138 4265 Le
1192 4197 1405 4280 Brun,
1490 4218 1706 4284 quum
1790 4194 1935 4284 jam
2025 4196 2178 4264 haec
2280 4195 2603 4263 animalia.

143 4357 491 4447 majestati
548 4326 804 4426 rerum·
841 4357 1188 4426 contraria
1254 4379 1402 4424 esse
1489 4355 2133 4442 demonstravisset,
2206 4355 2467 4423 addidit
2527 4379 2603 4423 aa

144 4518 433 4586 minime
493 4519 881 4586 necessaria
944 4542 1092 4588 esse
1157 4541 1169 4588 ε
1237 4542 1265 4585 «
1344 4517 1428 4584 ils
1493 4541 1537 4607 y
1630 4521 1913 4606 passent
1980 4539 2158 4606 pour
2240 4539 2375 4583 unc
2435 4539 2603 4603 pure

142 4680 478 4762 chimere,
550 4702 712 4747 sans
794 4680 986 4747 avoir
1050 4700 1278 4748 aucun
1338 4676 1741 4745 fondement
1814 4676 1987 4745 dans
2070 4675 2471 4767 l'Evangile,
2539 4683 2607 4743 et
