3275 5167
606 405 767 469 ..97-

70 585 194 654 tabula
214 586 408 656 effictorum
428 586 582 657 laudavit
613 612 619 656 :
655 590 710 657 (11
725 614 747 682 y
763 613 806 658 en
822 615 841 659 a
857 614 950 660 assez
964 613 1053 683 pour
1068 594 1139 661 ttre
1151 593 1300 662 tc'moins

69 745 111 814 dc
133 751 224 816 cette
257 747 385 831 action,
415 750 562 839 puisque
590 772 653 840 psr
681 754 768 818 cette
787 750 897 842 ligure
925 754 1027 821 vttue
1047 752 1088 821 de
1108 775 1215 843 rouge
1239 753 1299 842 qui

70 913 189 998 parsit
205 908 368 999 surprise,
386 909 417 977 lc
432 909 566 1001 peintre
581 934 601 978 a
624 915 820 1001 represents
836 910 1084 982 l’etonnement
1104 912 1151 982 du
1175 912 1299 1004 peuple

69 1068 150 1157 juif,
169 1073 205 1138 et
218 1092 281 1160 par
296 1069 386 1138 66161
404 1070 464 1159 qui
479 1070 622 1160 regards
650 1070 692 1139 (16
712 1071 739 1138 61
764 1077 843 1161 pres
886 1067 910 1138 ss
933 1072 1044 1163 figure
1067 1071 1099 1141 16
1115 1072 1206 1141 desir
1233 1096 1300 1163 que

70 1232 162 1295 cette
180 1228 299 1297 nation
315 1228 406 1296 avait
420 1229 462 1297 de
481 1229 558 1297 voir
573 1229 656 1297 faire
686 1229 746 1299 des
763 1230 922 1299 miracles
945 1255 974 1299 a.
992 1233 1110 1321 Itaque
1130 1233 1159 1301 si
1183 1254 1300 1301 veram

72 1386 187 1478 hujus
214 1388 343 1457 tabulae
377 1389 667 1479 significationem
699 1391 838 1483 penitus
867 1391 1065 1483 intellegere
1098 1392 1195 1479 velis,
1226 1393 1302 1483 ipsa

68 1547 366 1619 lineamentorum
381 1554 415 1618 et
429 1550 585 1620 colorum
611 1551 840 1642 dispositione
856 1552 919 1619 tibi
943 1552 1192 1644 perspiciendae
1221 1558 1302 1622 sunt

70 1708 221 1778 diversae
247 1710 457 1797 voluntates,
488 1735 558 1780 non
601 1712 784 1781 hominum
812 1735 1070 1803 expressorum,
1102 1714 1160 1782 sed
1191 1713 1301 1783 turbae

71 1870 280 1940 Judaeorum
296 1893 373 1962 quoe
393 1877 508 1940 tamen
529 1872 637 1942 abest.
669 1874 741 1941 Hos
765 1872 963 1941 reconditos
993 1896 1116 1942 sensus
1145 1866 1302 1964 profecto

73 2031 276 2125 explanabit
291 2031 456 2123 scriptor:
483 2032 595 2122 pictor
606 2035 722 2101 autem
743 2054 801 2100 eos
817 2032 993 2121 quomodo
1010 2030 1205 2101 describet?
1223 2032 1301 2100 Non

72 2190 216 2279 quidem
246 2214 413 2283 negamus
429 2193 523 2261 hunc
550 2214 656 2260 usum
685 2191 876 2282 praesertim
896 2191 1038 2260 Nicolao
1060 2192 1207 2261 Poussin
1232 2192 1301 2282 pla·

73 2352 203 2437 cuisse,
221 2351 385 2421 Carolum
407 2353 454 2421 Le
469 2353 564 2421 Brun
589 2351 713 2421 deinde
733 2352 831 2421 illum
848 2352 1011 2443 adeptum
1040 2374 1134 2438 esse;
1166 2351 1303 2422 sedhic

73 2510 111 2578 in
132 2534 296 2603 magnam
311 2512 424 2582 lucem
440 2512 660 2604 disciplinam
681 2512 836 2581 adduxit.

122 2672 226 2755 Quod
248 2672 276 2741 si
297 2672 436 2762 quando
452 2674 525 2763 ipse
558 2671 801 2741 animadvertit
815 2696 886 2742 non
901 2674 1020 2742 eadem
1036 2677 1069 2743 et
1083 2672 1250 2764 pictorem
1272 2677 1305 2742 et

74 2832 282 2923 scriptorem
305 2832 438 2917 decere,
471 2833 587 2901 omnia
609 2838 756 2902 tamena
774 2833 908 2924 pictore
935 2833 982 2901 ita
1002 2834 1116 2923 panori
1132 2837 1165 2900 et
1185 2832 1302 2922 effingi

74 2990 200 3076 voluit,
222 2990 1300 3083 utidemacscriptor,dissimiliviautens,consequeretur.Non

73 3154 170 3221 enim
188 3176 268 3223 eum
283 3155 372 3245 fugit
390 3153 618 3222 historiarum
634 3157 792 3222 auctores
811 3176 866 3222 res
884 3156 999 3245 gestas
1020 3174 1061 3221 ex
1084 3150 1205 3220 ordine
1221 3154 1300 3217 ante

74 3733 277 3807 paucissimis
290 3732 432 3789 miraculi
447 3747 603 3789 coecorum
614 3730 747 3787 testibus
762 3730 852 3786 addit
862 3738 935 3803 post
948 3731 1048 3788 verba
1058 3747 1155 3803 supra
1169 3746 1302 3787 commo·

75 3840 225 3887 morata:
255 3852 269 3884 ι
297 3848 359 3887 666
383 3830 454 3903 plus
476 3828 596 3903 grande
624 3828 765 3901 quantite
787 3827 827 3884 (16
842 3828 957 3901 llgures
982 3828 1066 3884 n’edt
1081 3830 1246 3900 conseque
1261 3828 1301 3883 de

73 3929 258 3986 l'embarras
266 3936 297 3985 61
309 3928 522 4001 empechequc
531 3926 624 3984 celles
636 3924 679 3982 du
688 3924 794 3983 Christ
808 3932 839 3982 61
848 3925 905 3981 (166
915 3925 1064 3997 avcuglcs
1075 3925 1233 3982 n’eussent
1243 3941 1302 3996 pas

76 4027 126 4083 ete
141 4043 219 4084 vues
235 4027 263 4083 si
273 4026 503 4083 distinctement
518 4047 543 4082 ».
560 4026 757 4081 -Praetcrca
771 4024 798 4079 si
809 4024 1068 4096 significationem
1082 4024 1302 4080 absconditam

76 4125 251 4197 figurarum
265 4142 324 4181 cun
339 4124 567 4198 significatione
581 4140 677 4196 quam
696 4121 828 4179 Carolus
837 4120 880 4177 Le
894 4122 975 4176 Brun
991 4121 1056 4177 vult
1068 4121 1173 4179 inesse
1184 4122 1300 4178 tabulae

80 4246 93 4276 6
109 4222 376 4280 Ravissementde
393 4223 535 4280 S‘·Paul»
551 4222 709 4294 inscriptae
719 4218 779 4290 (Cf.
788 4219 821 4273 16
833 4219 893 4275 fine
902 4218 997 4291 hujus
1008 4220 1133 4292 capitis)
1148 4221 1298 4285 conseras,

80 4320 224 4377 eumdem
251 4320 477 4393 interpretandi
492 4320 627 4377 furorem
642 4333 805 4392 agnosces.
827 4347 860 4356 -
880 4315 973 4386 Quod
993 4317 1020 4372 si
1034 4324 1140 4372 tamen
1159 4317 1301 4390 disputes

78 4418 227 4477 Carolum
252 4419 295 4476 Le
309 4420 391 4475 an
401 4436 463 4475 non
475 4435 495 4475 6
509 4418 648 4475 Felibien
666 4417 861 4473 nominatum
875 4430 957 4485 esse,
972 4414 1029 4471 tibi
1044 4422 1126 4471 certe
1142 4415 1303 4473 latendum

79 4523 128 4572 661
156 4516 243 4572 illum
258 4533 278 4573 a
296 4517 452 4574 sententia
463 4534 545 4573 nunc
559 4515 705 4589 exposita
723 4512 850 4570 minime
865 4510 1055 4585 discrepare
1069 4528 1165 4583 quum
1179 4513 1301 4580 eedem,
1396 4527 1398 4531 ·

76 4613 129 4669 vel
142 4615 298 4686 graviora,
307 4616 388 4673 alias
400 4616 442 4672 ab
456 4615 509 4672 illo
526 4615 611 4671 dicta
625 4614 696 4670 sint.

1185 4760 1202 4821 7
