<?xml version="1.0" encoding="UTF-8"?>
<!DOCTYPE html PUBLIC "-//W3C//DTD XHTML 1.0 Transitional//EN"
    "http://www.w3.org/TR/xhtml1/DTD/xhtml1-transitional.dtd">
<html xmlns="http://www.w3.org/1999/xhtml" xml:lang="en" lang="en">
 <head>
  <title>
</title>
<meta http-equiv="Content-Type" content="text/html;charset=utf-8" />
  <meta name='ocr-system' content='tesseract 3.04.00' />
  <meta name='ocr-capabilities' content='ocr_page ocr_carea ocr_par ocr_line ocrx_word'/>
</head>
<body>
  <div class='ocr_page' id='page_1' title='image "./quidsenseritcar00fontgoog_0134.png"; bbox 0 0 3275 5167; ppageno 0'>
   <div class='ocr_carea' id='block_1_1' title="bbox 880 454 1062 516">
    <p class='ocr_par' dir='ltr' id='par_1_1' title="bbox 880 454 1062 516">
     <span class='ocr_line' id='line_1_1' title="bbox 880 454 1062 516; baseline 0.011 -2"><span class='ocrx_word' id='word_1_1' title='bbox 880 454 1062 516; x_wconf 79' lang='lat'>-112-</span> 
     </span>
    </p>
   </div>
   <div class='ocr_carea' id='block_1_2' title="bbox 360 636 1565 1372">
    <p class='ocr_par' dir='ltr' id='par_1_2' title="bbox 360 636 1563 1211">
     <span class='ocr_line' id='line_1_2' title="bbox 360 636 1560 730; baseline -0.005 -21"><span class='ocrx_word' id='word_1_2' title='bbox 360 645 424 727; x_wconf 86' lang='lat' dir='ltr'>est,</span> <span class='ocrx_word' id='word_1_3' title='bbox 458 660 677 730; x_wconf 88' lang='lat' dir='ltr'>quocumque</span> <span class='ocrx_word' id='word_1_4' title='bbox 709 636 776 706; x_wconf 89' lang='lat' dir='ltr'>alio</span> <span class='ocrx_word' id='word_1_5' title='bbox 805 638 921 709; x_wconf 89' lang='lat' dir='ltr'>colore</span> <span class='ocrx_word' id='word_1_6' title='bbox 948 638 1114 707; x_wconf 82' lang='lat' dir='ltr'>Nicolaus</span> <span class='ocrx_word' id='word_1_7' title='bbox 1144 638 1292 707; x_wconf 89' lang='lat' dir='ltr'>Poussin</span> <span class='ocrx_word' id='word_1_8' title='bbox 1323 638 1366 705; x_wconf 89' lang='lat' dir='ltr'>ad</span> <span class='ocrx_word' id='word_1_9' title='bbox 1395 636 1560 727; x_wconf 84' lang='lat' dir='ltr'>pingendas</span> 
     </span>
     <span class='ocr_line' id='line_1_3' title="bbox 360 798 1562 891; baseline -0.003 -24"><span class='ocrx_word' id='word_1_10' title='bbox 360 801 490 891; x_wconf 84' lang='lat' dir='ltr'>figuras</span> <span class='ocrx_word' id='word_1_11' title='bbox 519 823 605 869; x_wconf 88' lang='lat' dir='ltr'>usus</span> <span class='ocrx_word' id='word_1_12' title='bbox 642 804 743 885; x_wconf 86' lang='lat' dir='ltr'>esset,</span> <span class='ocrx_word' id='word_1_13' title='bbox 776 798 940 869; x_wconf 86' lang='lat' dir='ltr'>Carolum</span> <span class='ocrx_word' id='word_1_14' title='bbox 981 800 1030 869; x_wconf 89' lang='lat' dir='ltr'>Le</span> <span class='ocrx_word' id='word_1_15' title='bbox 1065 800 1162 869; x_wconf 91' lang='lat' dir='ltr'>Brun</span> <span class='ocrx_word' id='word_1_16' title='bbox 1204 800 1337 889; x_wconf 88' lang='lat' dir='ltr'>justam</span> <span class='ocrx_word' id='word_1_17' title='bbox 1380 804 1414 868; x_wconf 90' lang='lat' dir='ltr'>et</span> <span class='ocrx_word' id='word_1_18' title='bbox 1450 820 1562 887; x_wconf 86' lang='lat' dir='ltr'>aequam</span> 
     </span>
     <span class='ocr_line' id='line_1_4' title="bbox 360 958 1563 1049; baseline -0.003 -21"><span class='ocrx_word' id='word_1_19' title='bbox 360 961 411 1030; x_wconf 91' lang='lat' dir='ltr'>rei</span> <span class='ocrx_word' id='word_1_20' title='bbox 461 982 602 1029; x_wconf 85' lang='lat' dir='ltr'>causam</span> <span class='ocrx_word' id='word_1_21' title='bbox 640 960 863 1030; x_wconf 88' lang='lat' dir='ltr'>inventurum</span> <span class='ocrx_word' id='word_1_22' title='bbox 900 960 1018 1029; x_wconf 89' lang='lat' dir='ltr'>fuisse.</span> <span class='ocrx_word' id='word_1_23' title='bbox 1061 960 1196 1029; x_wconf 77' lang='lat' dir='ltr'><strong>Etenim</strong></span> <span class='ocrx_word' id='word_1_24' title='bbox 1238 984 1280 1029; x_wconf 86' lang='lat' dir='ltr'>ex</span> <span class='ocrx_word' id='word_1_25' title='bbox 1330 964 1406 1049; x_wconf 81' lang='lat' dir='ltr'>cJ&#39;us</span> <span class='ocrx_word' id='word_1_26' title='bbox 1444 958 1563 1027; x_wconf 83' lang='lat' dir='ltr'>arbitrio</span> 
     </span>
     <span class='ocr_line' id='line_1_5' title="bbox 362 1119 1203 1211; baseline 0.004 -25"><span class='ocrx_word' id='word_1_27' title='bbox 362 1119 436 1189; x_wconf 75' lang='lat' dir='ltr'>hac</span> <span class='ocrx_word' id='word_1_28' title='bbox 463 1124 538 1188; x_wconf 87' lang='lat' dir='ltr'>tota</span> <span class='ocrx_word' id='word_1_29' title='bbox 571 1119 726 1189; x_wconf 92' lang='lat' dir='ltr'>colorum</span> <span class='ocrx_word' id='word_1_30' title='bbox 753 1119 990 1211; x_wconf 80' lang='lat' dir='ltr'>interpretatio</span> <span class='ocrx_word' id='word_1_31' title='bbox 1019 1120 1203 1211; x_wconf 81' lang='lat' dir='ltr'>pendebat.</span> 
     </span>
    </p>

    <p class='ocr_par' dir='ltr' id='par_1_3' title="bbox 405 1278 1565 1372">
     <span class='ocr_line' id='line_1_6' title="bbox 405 1278 1565 1372; baseline -0.003 -23"><span class='ocrx_word' id='word_1_32' title='bbox 405 1282 583 1349; x_wconf 89' lang='lat' dir='ltr'>Postremo</span> <span class='ocrx_word' id='word_1_33' title='bbox 633 1302 676 1349; x_wconf 91' lang='lat' dir='ltr'>ne</span> <span class='ocrx_word' id='word_1_34' title='bbox 717 1280 817 1371; x_wconf 93' lang='lat' dir='ltr'>plura</span> <span class='ocrx_word' id='word_1_35' title='bbox 862 1302 1049 1372; x_wconf 89' lang='lat' dir='ltr'>persequar</span> <span class='ocrx_word' id='word_1_36' title='bbox 1082 1286 1116 1349; x_wconf 92' lang='lat' dir='ltr'>et</span> <span class='ocrx_word' id='word_1_37' title='bbox 1160 1280 1318 1350; x_wconf 84' lang='lat' dir='ltr'>incusem</span> <span class='ocrx_word' id='word_1_38' title='bbox 1353 1281 1447 1371; x_wconf 88' lang='lat' dir='ltr'>(nam</span> <span class='ocrx_word' id='word_1_39' title='bbox 1473 1278 1565 1347; x_wconf 90' lang='lat' dir='ltr'>mani-</span> 
     </span>
    </p>
   </div>
   <div class='ocr_carea' id='block_1_3' title="bbox 360 1439 1565 1532">
    <p class='ocr_par' dir='ltr' id='par_1_4' title="bbox 360 1439 1565 1532">
     <span class='ocr_line' id='line_1_7' title="bbox 360 1439 1565 1532; baseline -0.004 -23"><span class='ocrx_word' id='word_1_40' title='bbox 360 1440 481 1511; x_wconf 82' lang='lat' dir='ltr'>festius</span> <span class='ocrx_word' id='word_1_41' title='bbox 527 1446 579 1510; x_wconf 88' lang='lat' dir='ltr'>est</span> <span class='ocrx_word' id='word_1_42' title='bbox 625 1439 816 1531; x_wconf 84' lang='lat' dir='ltr'>disciplinae</span> <span class='ocrx_word' id='word_1_43' title='bbox 860 1442 983 1510; x_wconf 91' lang='lat' dir='ltr'>vitium</span> <span class='ocrx_word' id='word_1_44' title='bbox 1027 1464 1130 1532; x_wconf 89' lang='lat' dir='ltr'>quam</span> <span class='ocrx_word' id='word_1_45' title='bbox 1185 1446 1222 1511; x_wconf 92' lang='lat' dir='ltr'>ut</span> <span class='ocrx_word' id='word_1_46' title='bbox 1268 1441 1398 1510; x_wconf 92' lang='lat' dir='ltr'>diutius</span> <span class='ocrx_word' id='word_1_47' title='bbox 1427 1440 1565 1509; x_wconf 87' lang='lat' dir='ltr'>demons-</span> 
     </span>
    </p>
   </div>
   <div class='ocr_carea' id='block_1_4' title="bbox 361 1600 1628 1691">
    <p class='ocr_par' dir='ltr' id='par_1_5' title="bbox 361 1600 1628 1691">
     <span class='ocr_line' id='line_1_8' title="bbox 361 1600 1628 1691; baseline -0.002 -23"><span class='ocrx_word' id='word_1_48' title='bbox 361 1600 510 1669; x_wconf 83' lang='lat' dir='ltr'>tratione</span> <span class='ocrx_word' id='word_1_49' title='bbox 544 1624 632 1691; x_wconf 90' lang='lat' dir='ltr'>opus</span> <span class='ocrx_word' id='word_1_50' title='bbox 665 1602 722 1691; x_wconf 86' lang='lat' dir='ltr'>sit)</span> <span class='ocrx_word' id='word_1_51' title='bbox 753 1601 874 1671; x_wconf 89' lang='lat' dir='ltr'>eadem</span> <span class='ocrx_word' id='word_1_52' title='bbox 907 1601 1095 1671; x_wconf 86' lang='lat' dir='ltr'>subtilitate</span> <span class='ocrx_word' id='word_1_53' title='bbox 1129 1602 1274 1672; x_wconf 88' lang='lat' dir='ltr'>Carolus</span> <span class='ocrx_word' id='word_1_54' title='bbox 1318 1603 1364 1671; x_wconf 92' lang='lat' dir='ltr'>Le</span> <span class='ocrx_word' id='word_1_55' title='bbox 1398 1603 1491 1671; x_wconf 91' lang='lat' dir='ltr'>Brun</span> <span class='ocrx_word' id='word_1_56' title='bbox 1518 1623 1566 1669; x_wconf 90' lang='lat' dir='ltr'>cur</span> <span class='ocrx_word' id='word_1_57' title='bbox 1627 1644 1628 1647; x_wconf 56' lang='lat'><em>=</em></span> 
     </span>
    </p>
   </div>
   <div class='ocr_carea' id='block_1_5' title="bbox 360 1760 1569 3940">
    <p class='ocr_par' dir='ltr' id='par_1_6' title="bbox 360 1760 1569 3940">
     <span class='ocr_line' id='line_1_9' title="bbox 360 1760 1566 1852; baseline -0.002 -23"><span class='ocrx_word' id='word_1_58' title='bbox 360 1760 466 1829; x_wconf 91' lang='lat' dir='ltr'>rubra</span> <span class='ocrx_word' id='word_1_59' title='bbox 513 1765 595 1850; x_wconf 90' lang='lat' dir='ltr'>toga</span> <span class='ocrx_word' id='word_1_60' title='bbox 632 1761 807 1851; x_wconf 89' lang='lat' dir='ltr'>apostolus</span> <span class='ocrx_word' id='word_1_61' title='bbox 859 1763 987 1831; x_wconf 86' lang='lat' dir='ltr'>Paulus</span> <span class='ocrx_word' id='word_1_62' title='bbox 1032 1767 1175 1837; x_wconf 87' lang='lat' dir='ltr'>ornatus</span> <span class='ocrx_word' id='word_1_63' title='bbox 1219 1762 1263 1830; x_wconf 89' lang='lat' dir='ltr'>sit</span> <span class='ocrx_word' id='word_1_64' title='bbox 1307 1761 1500 1852; x_wconf 81' lang='lat' dir='ltr'>explicavit.</span> <span class='ocrx_word' id='word_1_65' title='bbox 1527 1761 1566 1828; x_wconf 90' lang='lat' dir='ltr'>Ne</span> 
     </span>
     <span class='ocr_line' id='line_1_10' title="bbox 363 1920 1566 2012; baseline -0.002 -22"><span class='ocrx_word' id='word_1_66' title='bbox 363 1920 481 1990; x_wconf 87' lang='lat' dir='ltr'>credas</span> <span class='ocrx_word' id='word_1_67' title='bbox 519 1922 687 2012; x_wconf 90' lang='lat' dir='ltr'>piclorem</span> <span class='ocrx_word' id='word_1_68' title='bbox 724 1922 766 1991; x_wconf 89' lang='lat' dir='ltr'>ad</span> <span class='ocrx_word' id='word_1_69' title='bbox 795 1922 978 1991; x_wconf 90' lang='lat' dir='ltr'>oculorum</span> <span class='ocrx_word' id='word_1_70' title='bbox 1003 1922 1262 1993; x_wconf 85' lang='lat' dir='ltr'>delectationem</span> <span class='ocrx_word' id='word_1_71' title='bbox 1291 1922 1347 1991; x_wconf 92' lang='lat' dir='ltr'>vel</span> <span class='ocrx_word' id='word_1_72' title='bbox 1379 1923 1424 1991; x_wconf 85' lang='lat' dir='ltr'>ad</span> <span class='ocrx_word' id='word_1_73' title='bbox 1452 1922 1566 1991; x_wconf 85' lang='lat' dir='ltr'>felicem</span> 
     </span>
     <span class='ocr_line' id='line_1_11' title="bbox 365 2081 1566 2174; baseline -0.001 -25"><span class='ocrx_word' id='word_1_74' title='bbox 365 2081 515 2171; x_wconf 90' lang='lat' dir='ltr'>partium</span> <span class='ocrx_word' id='word_1_75' title='bbox 548 2082 809 2173; x_wconf 89' lang='lat' dir='ltr'>dispositionem</span> <span class='ocrx_word' id='word_1_76' title='bbox 839 2084 1046 2174; x_wconf 85' lang='lat' dir='ltr'>spectavisse</span> <span class='ocrx_word' id='word_1_77' title='bbox 1074 2106 1081 2167; x_wconf 92' lang='lat'>;</span> <span class='ocrx_word' id='word_1_78' title='bbox 1126 2083 1156 2152; x_wconf 92' lang='lat' dir='ltr'>si</span> <span class='ocrx_word' id='word_1_79' title='bbox 1188 2106 1270 2152; x_wconf 90' lang='lat' dir='ltr'>vero</span> <span class='ocrx_word' id='word_1_80' title='bbox 1301 2084 1478 2153; x_wconf 88' lang='lat' dir='ltr'>arbitreris</span> <span class='ocrx_word' id='word_1_81' title='bbox 1504 2104 1566 2151; x_wconf 89' lang='lat' dir='ltr'>eun</span> 
     </span>
     <span class='ocr_line' id='line_1_12' title="bbox 367 2243 1567 2337; baseline -0.001 -27"><span class='ocrx_word' id='word_1_82' title='bbox 367 2243 478 2312; x_wconf 88' lang='lat' dir='ltr'>nitore</span> <span class='ocrx_word' id='word_1_83' title='bbox 526 2265 702 2334; x_wconf 91' lang='lat' dir='ltr'>purpureo</span> <span class='ocrx_word' id='word_1_84' title='bbox 738 2244 949 2336; x_wconf 84' lang='lat' dir='ltr'>praecipuam</span> <span class='ocrx_word' id='word_1_85' title='bbox 997 2244 1144 2337; x_wconf 89' lang='lat' dir='ltr'>figuram</span> <span class='ocrx_word' id='word_1_86' title='bbox 1190 2244 1391 2334; x_wconf 88' lang='lat' dir='ltr'>pingentem</span> <span class='ocrx_word' id='word_1_87' title='bbox 1435 2243 1567 2312; x_wconf 87' lang='lat' dir='ltr'>voluisse</span> 
     </span>
     <span class='ocr_line' id='line_1_13' title="bbox 363 2404 1565 2496; baseline -0.002 -24"><span class='ocrx_word' id='word_1_88' title='bbox 363 2404 520 2473; x_wconf 91' lang='lat' dir='ltr'>omnium</span> <span class='ocrx_word' id='word_1_89' title='bbox 545 2404 664 2473; x_wconf 88' lang='lat' dir='ltr'>oculos</span> <span class='ocrx_word' id='word_1_90' title='bbox 686 2404 722 2471; x_wconf 92' lang='lat' dir='ltr'>in</span> <span class='ocrx_word' id='word_1_91' title='bbox 750 2404 845 2474; x_wconf 93' lang='lat' dir='ltr'>illam</span> <span class='ocrx_word' id='word_1_92' title='bbox 870 2405 1038 2493; x_wconf 87' lang='lat' dir='ltr'>converti,</span> <span class='ocrx_word' id='word_1_93' title='bbox 1063 2405 1285 2474; x_wconf 89' lang='lat' dir='ltr'>vehementer</span> <span class='ocrx_word' id='word_1_94' title='bbox 1302 2428 1443 2496; x_wconf 89' lang='lat' dir='ltr'>quoque</span> <span class='ocrx_word' id='word_1_95' title='bbox 1470 2423 1565 2484; x_wconf 86' lang='lat' dir='ltr'>erras;</span> 
     </span>
     <span class='ocr_line' id='line_1_14' title="bbox 364 2563 1567 2656; baseline -0.002 -26"><span class='ocrx_word' id='word_1_96' title='bbox 364 2563 440 2632; x_wconf 88' lang='lat' dir='ltr'>haec</span> <span class='ocrx_word' id='word_1_97' title='bbox 487 2564 604 2632; x_wconf 84' lang='lat' dir='ltr'>omnia</span> <span class='ocrx_word' id='word_1_98' title='bbox 643 2565 786 2656; x_wconf 88' lang='lat' dir='ltr'>pictoris</span> <span class='ocrx_word' id='word_1_99' title='bbox 822 2563 976 2656; x_wconf 88' lang='lat' dir='ltr'>cujusvis</span> <span class='ocrx_word' id='word_1_100' title='bbox 1023 2569 1105 2635; x_wconf 89' lang='lat' dir='ltr'>sunt</span> <span class='ocrx_word' id='word_1_101' title='bbox 1134 2588 1141 2648; x_wconf 90' lang='lat'>;</span> <span class='ocrx_word' id='word_1_102' title='bbox 1196 2570 1231 2633; x_wconf 89' lang='lat' dir='ltr'>at</span> <span class='ocrx_word' id='word_1_103' title='bbox 1275 2570 1372 2636; x_wconf 90' lang='lat' dir='ltr'>muta</span> <span class='ocrx_word' id='word_1_104' title='bbox 1414 2563 1567 2653; x_wconf 87' lang='lat' dir='ltr'>theologia</span> 
     </span>
     <span class='ocr_line' id='line_1_15' title="bbox 362 2725 1567 2815; baseline 0 -24"><span class='ocrx_word' id='word_1_105' title='bbox 362 2727 464 2792; x_wconf 89' lang='lat' dir='ltr'>utens</span> <span class='ocrx_word' id='word_1_106' title='bbox 507 2725 549 2793; x_wconf 89' lang='lat' dir='ltr'>ad</span> <span class='ocrx_word' id='word_1_107' title='bbox 586 2726 720 2815; x_wconf 81' lang='lat' dir='ltr'>majora</span> <span class='ocrx_word' id='word_1_108' title='bbox 765 2730 910 2795; x_wconf 88' lang='lat' dir='ltr'>conatus</span> <span class='ocrx_word' id='word_1_109' title='bbox 967 2730 1019 2796; x_wconf 89' lang='lat' dir='ltr'>est</span> <span class='ocrx_word' id='word_1_110' title='bbox 1057 2727 1230 2796; x_wconf 89' lang='lat' dir='ltr'>Poussin:</span> <span class='ocrx_word' id='word_1_111' title='bbox 1283 2754 1298 2791; x_wconf 80' lang='lat' dir='ltr'>a</span> <span class='ocrx_word' id='word_1_112' title='bbox 1331 2729 1379 2797; x_wconf 90' lang='lat' dir='ltr'>Le</span> <span class='ocrx_word' id='word_1_113' title='bbox 1426 2732 1567 2795; x_wconf 86' lang='lat' dir='ltr'>manteau</span> 
     </span>
     <span class='ocr_line' id='line_1_16' title="bbox 366 2885 1568 2977; baseline -0.001 -25"><span class='ocrx_word' id='word_1_114' title='bbox 366 2908 474 2976; x_wconf 80' lang='lat' dir='ltr'>rouge</span> <span class='ocrx_word' id='word_1_115' title='bbox 511 2886 571 2977; x_wconf 90' lang='lat' dir='ltr'>qui</span> <span class='ocrx_word' id='word_1_116' title='bbox 612 2909 738 2956; x_wconf 88' lang='lat' dir='ltr'>couvre</span> <span class='ocrx_word' id='word_1_117' title='bbox 774 2890 852 2955; x_wconf 91' lang='lat' dir='ltr'>tout</span> <span class='ocrx_word' id='word_1_118' title='bbox 885 2886 916 2955; x_wconf 89' lang='lat' dir='ltr'>le</span> <span class='ocrx_word' id='word_1_119' title='bbox 963 2908 1064 2977; x_wconf 87' lang='lat' dir='ltr'>corpe</span> <span class='ocrx_word' id='word_1_120' title='bbox 1110 2885 1151 2955; x_wconf 91' lang='lat' dir='ltr'>de</span> <span class='ocrx_word' id='word_1_121' title='bbox 1194 2886 1338 2977; x_wconf 79' lang='lat' dir='ltr'>l’apbtre</span> <span class='ocrx_word' id='word_1_122' title='bbox 1385 2910 1430 2956; x_wconf 91' lang='lat' dir='ltr'>ne</span> <span class='ocrx_word' id='word_1_123' title='bbox 1475 2890 1568 2977; x_wconf 77' lang='lat' dir='ltr'>repre·</span> 
     </span>
     <span class='ocr_line' id='line_1_17' title="bbox 366 3043 1568 3137; baseline -0.005 -22"><span class='ocrx_word' id='word_1_124' title='bbox 366 3046 532 3116; x_wconf 75' lang='lat' dir='ltr'>sente-til</span> <span class='ocrx_word' id='word_1_125' title='bbox 556 3068 618 3137; x_wconf 88' lang='lat' dir='ltr'>pas</span> <span class='ocrx_word' id='word_1_126' title='bbox 646 3046 739 3133; x_wconf 87' lang='lat' dir='ltr'>bien,</span> <span class='ocrx_word' id='word_1_127' title='bbox 778 3069 841 3137; x_wconf 92' lang='lat' dir='ltr'>par</span> <span class='ocrx_word' id='word_1_128' title='bbox 870 3070 908 3114; x_wconf 89' lang='lat' dir='ltr'>sa</span> <span class='ocrx_word' id='word_1_129' title='bbox 931 3047 1074 3116; x_wconf 90' lang='lat' dir='ltr'>couleur</span> <span class='ocrx_word' id='word_1_130' title='bbox 1098 3068 1218 3137; x_wconf 81' lang='lat' dir='ltr'>rouge,</span> <span class='ocrx_word' id='word_1_131' title='bbox 1254 3045 1422 3115; x_wconf 90' lang='lat' dir='ltr'>l&#39;ardente</span> <span class='ocrx_word' id='word_1_132' title='bbox 1458 3043 1568 3115; x_wconf 86' lang='lat' dir='ltr'>charite&#39;</span> 
     </span>
     <span class='ocr_line' id='line_1_18' title="bbox 361 3204 1569 3298; baseline -0.007 -20"><span class='ocrx_word' id='word_1_133' title='bbox 361 3209 449 3278; x_wconf 91' lang='lat' dir='ltr'>dont</span> <span class='ocrx_word' id='word_1_134' title='bbox 475 3207 500 3275; x_wconf 94' lang='lat' dir='ltr'>il</span> <span class='ocrx_word' id='word_1_135' title='bbox 541 3206 624 3277; x_wconf 80' lang='lat' dir='ltr'>etait</span> <span class='ocrx_word' id='word_1_136' title='bbox 648 3207 816 3291; x_wconf 84' lang='lat' dir='ltr'>embrase‚</span> <span class='ocrx_word' id='word_1_137' title='bbox 852 3206 1006 3297; x_wconf 89' lang='lat' dir='ltr'>lorsqu’il</span> <span class='ocrx_word' id='word_1_138' title='bbox 1050 3207 1152 3276; x_wconf 89' lang='lat' dir='ltr'>disait</span> <span class='ocrx_word' id='word_1_139' title='bbox 1186 3230 1242 3279; x_wconf 87' lang='lat' dir='ltr'>ces</span> <span class='ocrx_word' id='word_1_140' title='bbox 1288 3207 1425 3298; x_wconf 90' lang='lat' dir='ltr'>paroles</span> <span class='ocrx_word' id='word_1_141' title='bbox 1457 3204 1569 3298; x_wconf 87' lang='lat' dir='ltr'>plcines</span> 
     </span>
     <span class='ocr_line' id='line_1_19' title="bbox 362 3368 1569 3459; baseline -0.005 -21"><span class='ocrx_word' id='word_1_142' title='bbox 362 3369 521 3438; x_wconf 84' lang='lat' dir='ltr'>d’amour</span> <span class='ocrx_word' id='word_1_143' title='bbox 553 3392 644 3459; x_wconf 92' lang='lat' dir='ltr'>pour</span> <span class='ocrx_word' id='word_1_144' title='bbox 680 3392 735 3437; x_wconf 88' lang='lat' dir='ltr'>ses</span> <span class='ocrx_word' id='word_1_145' title='bbox 765 3369 896 3436; x_wconf 77' lang='lat' dir='ltr'>freres:</span> <span class='ocrx_word' id='word_1_146' title='bbox 928 3394 944 3432; x_wconf 92' lang='lat'>«</span> <span class='ocrx_word' id='word_1_147' title='bbox 970 3368 1009 3437; x_wconf 92' lang='lat' dir='ltr'>Je</span> <span class='ocrx_word' id='word_1_148' title='bbox 1046 3368 1204 3438; x_wconf 87' lang='lat' dir='ltr'>eouhaite</span> <span class='ocrx_word' id='word_1_149' title='bbox 1244 3368 1351 3437; x_wconf 75' lang='lat' dir='ltr'>d’ttre</span> <span class='ocrx_word' id='word_1_150' title='bbox 1389 3369 1569 3437; x_wconf 80' lang='lat' dir='ltr'>moi-meme</span> 
     </span>
     <span class='ocr_line' id='line_1_20' title="bbox 363 3526 1567 3620; baseline -0.003 -24"><span class='ocrx_word' id='word_1_151' title='bbox 363 3529 544 3596; x_wconf 81' lang='lat' dir='ltr'>anatheme</span> <span class='ocrx_word' id='word_1_152' title='bbox 584 3551 673 3619; x_wconf 87' lang='lat' dir='ltr'>pour</span> <span class='ocrx_word' id='word_1_153' title='bbox 701 3552 774 3598; x_wconf 88' lang='lat' dir='ltr'>mes</span> <span class='ocrx_word' id='word_1_154' title='bbox 807 3529 941 3598; x_wconf 78' lang='lat' dir='ltr'>freres?</span> <span class='ocrx_word' id='word_1_155' title='bbox 961 3555 978 3592; x_wconf 89' lang='lat'>»</span> <span class='ocrx_word' id='word_1_156' title='bbox 1009 3529 1056 3597; x_wconf 89' lang='lat' dir='ltr'>At</span> <span class='ocrx_word' id='word_1_157' title='bbox 1083 3530 1204 3597; x_wconf 90' lang='lat' dir='ltr'>saltem</span> <span class='ocrx_word' id='word_1_158' title='bbox 1232 3530 1308 3597; x_wconf 92' lang='lat' dir='ltr'>baec</span> <span class='ocrx_word' id='word_1_159' title='bbox 1335 3526 1567 3620; x_wconf 86' lang='lat' dir='ltr'>interpretatio,</span> 
     </span>
     <span class='ocr_line' id='line_1_21' title="bbox 362 3687 1569 3781; baseline -0.003 -24"><span class='ocrx_word' id='word_1_160' title='bbox 362 3690 519 3779; x_wconf 85' lang='lat' dir='ltr'>quamvis</span> <span class='ocrx_word' id='word_1_161' title='bbox 558 3688 760 3780; x_wconf 82' lang='lat' dir='ltr'>longissime</span> <span class='ocrx_word' id='word_1_162' title='bbox 794 3714 814 3757; x_wconf 91' lang='lat' dir='ltr'>a</span> <span class='ocrx_word' id='word_1_163' title='bbox 846 3692 940 3758; x_wconf 89' lang='lat' dir='ltr'>recta</span> <span class='ocrx_word' id='word_1_164' title='bbox 969 3689 1182 3781; x_wconf 89' lang='lat' dir='ltr'>judiciorum</span> <span class='ocrx_word' id='word_1_165' title='bbox 1220 3690 1277 3758; x_wconf 88' lang='lat' dir='ltr'>via</span> <span class='ocrx_word' id='word_1_166' title='bbox 1322 3690 1487 3774; x_wconf 89' lang='lat' dir='ltr'>discedat,</span> <span class='ocrx_word' id='word_1_167' title='bbox 1518 3687 1569 3755; x_wconf 90' lang='lat' dir='ltr'>ele·</span> 
     </span>
     <span class='ocr_line' id='line_1_22' title="bbox 369 3848 1569 3940; baseline -0.005 -23"><span class='ocrx_word' id='word_1_168' title='bbox 369 3848 482 3939; x_wconf 87' lang='lat' dir='ltr'>gantis</span> <span class='ocrx_word' id='word_1_169' title='bbox 518 3854 552 3918; x_wconf 89' lang='lat' dir='ltr'>et</span> <span class='ocrx_word' id='word_1_170' title='bbox 593 3849 686 3918; x_wconf 88' lang='lat' dir='ltr'>acuti</span> <span class='ocrx_word' id='word_1_171' title='bbox 715 3850 845 3940; x_wconf 89' lang='lat' dir='ltr'>ingenii</span> <span class='ocrx_word' id='word_1_172' title='bbox 873 3849 945 3917; x_wconf 89' lang='lat' dir='ltr'>vim</span> <span class='ocrx_word' id='word_1_173' title='bbox 975 3850 1153 3929; x_wconf 88' lang='lat' dir='ltr'>ostendit;</span> <span class='ocrx_word' id='word_1_174' title='bbox 1190 3849 1273 3940; x_wconf 93' lang='lat' dir='ltr'>quid</span> <span class='ocrx_word' id='word_1_175' title='bbox 1313 3872 1394 3918; x_wconf 88' lang='lat' dir='ltr'>vero</span> <span class='ocrx_word' id='word_1_176' title='bbox 1438 3849 1479 3918; x_wconf 93' lang='lat' dir='ltr'>de</span> <span class='ocrx_word' id='word_1_177' title='bbox 1518 3848 1569 3914; x_wconf 87' lang='lat' dir='ltr'>hac</span> 
     </span>
    </p>
   </div>
   <div class='ocr_carea' id='block_1_6' title="bbox 366 3994 1566 4099">
    <p class='ocr_par' dir='ltr' id='par_1_7' title="bbox 366 3994 1566 4099">
     <span class='ocr_line' id='line_1_23' title="bbox 366 3994 1566 4099; baseline -0.007 -23"><span class='ocrx_word' id='word_1_178' title='bbox 366 4008 571 4098; x_wconf 89' lang='lat' dir='ltr'>pervulgata</span> <span class='ocrx_word' id='word_1_179' title='bbox 600 4013 635 4077; x_wconf 93' lang='lat' dir='ltr'>et</span> <span class='ocrx_word' id='word_1_180' title='bbox 665 4008 821 4077; x_wconf 85' lang='lat' dir='ltr'>obsoleta</span> <span class='ocrx_word' id='word_1_181' title='bbox 850 4008 972 4077; x_wconf 90' lang='lat' dir='ltr'>viridis</span> <span class='ocrx_word' id='word_1_182' title='bbox 987 3994 1113 4077; x_wconf 90' lang='lat' dir='ltr'>coloris</span> <span class='ocrx_word' id='word_1_183' title='bbox 1142 4008 1393 4099; x_wconf 89' lang='lat' dir='ltr'>significatione</span> <span class='ocrx_word' id='word_1_184' title='bbox 1427 4008 1566 4077; x_wconf 90' lang='lat' dir='ltr'>dicetur:</span> 
     </span>
    </p>
   </div>
   <div class='ocr_carea' id='block_1_7' title="bbox 367 4164 1628 4258">
    <p class='ocr_par' dir='ltr' id='par_1_8' title="bbox 367 4164 1628 4258">
     <span class='ocr_line' id='line_1_24' title="bbox 367 4164 1628 4258; baseline -0.006 -21"><span class='ocrx_word' id='word_1_185' title='bbox 367 4194 381 4237; x_wconf 77' lang='lat' dir='ltr'>a</span> <span class='ocrx_word' id='word_1_186' title='bbox 409 4168 455 4238; x_wconf 90' lang='lat' dir='ltr'>Sa</span> <span class='ocrx_word' id='word_1_187' title='bbox 487 4170 571 4237; x_wconf 90' lang='lat' dir='ltr'>robe</span> <span class='ocrx_word' id='word_1_188' title='bbox 600 4174 695 4237; x_wconf 91' lang='lat' dir='ltr'>verte</span> <span class='ocrx_word' id='word_1_189' title='bbox 720 4169 779 4258; x_wconf 91' lang='lat' dir='ltr'>qui</span> <span class='ocrx_word' id='word_1_190' title='bbox 812 4192 856 4237; x_wconf 90' lang='lat' dir='ltr'>ne</span> <span class='ocrx_word' id='word_1_191' title='bbox 889 4191 1016 4239; x_wconf 90' lang='lat' dir='ltr'>couvre</span> <span class='ocrx_word' id='word_1_192' title='bbox 1056 4190 1123 4258; x_wconf 93' lang='lat' dir='ltr'>que</span> <span class='ocrx_word' id='word_1_193' title='bbox 1159 4168 1190 4236; x_wconf 91' lang='lat' dir='ltr'>le</span> <span class='ocrx_word' id='word_1_194' title='bbox 1219 4170 1305 4237; x_wconf 91' lang='lat' dir='ltr'>haut</span> <span class='ocrx_word' id='word_1_195' title='bbox 1329 4167 1371 4238; x_wconf 96' lang='lat' dir='ltr'>de</span> <span class='ocrx_word' id='word_1_196' title='bbox 1409 4168 1443 4237; x_wconf 90' lang='lat' dir='ltr'>la</span> <span class='ocrx_word' id='word_1_197' title='bbox 1470 4164 1568 4257; x_wconf 87' lang='lat' dir='ltr'>jambe</span> <span class='ocrx_word' id='word_1_198' title='bbox 1627 4164 1628 4209; x_wconf 64' lang='grc' dir='ltr'>ἒ</span> 
     </span>
    </p>
   </div>
   <div class='ocr_carea' id='block_1_8' title="bbox 364 4313 1627 4421">
    <p class='ocr_par' dir='ltr' id='par_1_9' title="bbox 364 4313 1627 4421">
     <span class='ocr_line' id='line_1_25' title="bbox 364 4313 1627 4421; baseline -0.009 -20"><span class='ocrx_word' id='word_1_199' title='bbox 364 4332 475 4401; x_wconf 89' lang='lat' dir='ltr'>droite</span> <span class='ocrx_word' id='word_1_200' title='bbox 504 4332 595 4401; x_wconf 87' lang='lat' dir='ltr'>elle</span> <span class='ocrx_word' id='word_1_201' title='bbox 628 4335 710 4399; x_wconf 87' lang='lat' dir='ltr'>tour</span> <span class='ocrx_word' id='word_1_202' title='bbox 738 4330 799 4399; x_wconf 90' lang='lat' dir='ltr'>des</span> <span class='ocrx_word' id='word_1_203' title='bbox 830 4332 909 4399; x_wconf 89' lang='lat' dir='ltr'>bras</span> <span class='ocrx_word' id='word_1_204' title='bbox 951 4353 994 4399; x_wconf 90' lang='lat' dir='ltr'>ne</span> <span class='ocrx_word' id='word_1_205' title='bbox 1023 4326 1243 4420; x_wconf 78' lang='lat' dir='ltr'>figuret-elle</span> <span class='ocrx_word' id='word_1_206' title='bbox 1272 4352 1334 4419; x_wconf 89' lang='lat' dir='ltr'>pas</span> <span class='ocrx_word' id='word_1_207' title='bbox 1379 4331 1567 4421; x_wconf 80' lang='lat' dir='ltr'>l&#39;esperance</span> <span class='ocrx_word' id='word_1_208' title='bbox 1625 4313 1627 4324; x_wconf 74' lang='grc'><strong><em>’</em></strong></span> 
     </span>
    </p>
   </div>
   <div class='ocr_carea' id='block_1_9' title="bbox 364 4488 1625 4582">
    <p class='ocr_par' dir='ltr' id='par_1_10' title="bbox 364 4488 1625 4582">
     <span class='ocr_line' id='line_1_26' title="bbox 364 4488 1625 4582; baseline -0.009 -21"><span class='ocrx_word' id='word_1_209' title='bbox 364 4493 448 4582; x_wconf 89' lang='lat' dir='ltr'>qu‘il</span> <span class='ocrx_word' id='word_1_210' title='bbox 482 4494 575 4562; x_wconf 84' lang='lat' dir='ltr'>a&#39;vait</span> <span class='ocrx_word' id='word_1_211' title='bbox 612 4492 654 4559; x_wconf 90' lang='lat' dir='ltr'>de</span> <span class='ocrx_word' id='word_1_212' title='bbox 692 4491 834 4559; x_wconf 76' lang='lat' dir='ltr'>s&#39;elever</span> <span class='ocrx_word' id='word_1_213' title='bbox 866 4498 886 4557; x_wconf 77' lang='lat' dir='ltr'>a</span> <span class='ocrx_word' id='word_1_214' title='bbox 918 4492 1005 4559; x_wconf 89' lang='lat' dir='ltr'>Dieu</span> <span class='ocrx_word' id='word_1_215' title='bbox 1045 4513 1107 4580; x_wconf 90' lang='lat' dir='ltr'>par</span> <span class='ocrx_word' id='word_1_216' title='bbox 1158 4512 1196 4558; x_wconf 88' lang='lat' dir='ltr'>ce</span> <span class='ocrx_word' id='word_1_217' title='bbox 1251 4512 1392 4560; x_wconf 88' lang='lat' dir='ltr'>secours</span> <span class='ocrx_word' id='word_1_218' title='bbox 1411 4492 1463 4558; x_wconf 79' lang='lat' dir='ltr'>‘tu</span> <span class='ocrx_word' id='word_1_219' title='bbox 1506 4488 1567 4555; x_wconf 91' lang='lat' dir='ltr'>Non</span> <span class='ocrx_word' id='word_1_220' title='bbox 1623 4539 1625 4582; x_wconf 43' lang='grc' dir='ltr'><strong>ἶ</strong></span> 
     </span>
    </p>
   </div>
   <div class='ocr_carea' id='block_1_10' title="bbox 362 4644 1568 4737">
    <p class='ocr_par' dir='ltr' id='par_1_11' title="bbox 362 4644 1568 4737">
     <span class='ocr_line' id='line_1_27' title="bbox 362 4644 1568 4737; baseline -0.001 -22"><span class='ocrx_word' id='word_1_221' title='bbox 362 4650 436 4736; x_wconf 85' lang='lat' dir='ltr'>jam</span> <span class='ocrx_word' id='word_1_222' title='bbox 468 4650 616 4737; x_wconf 85' lang='lat' dir='ltr'>egregiis</span> <span class='ocrx_word' id='word_1_223' title='bbox 649 4647 776 4715; x_wconf 87' lang='lat' dir='ltr'>mentis</span> <span class='ocrx_word' id='word_1_224' title='bbox 810 4671 879 4715; x_wconf 83' lang='lat' dir='ltr'>suae</span> <span class='ocrx_word' id='word_1_225' title='bbox 922 4648 1107 4717; x_wconf 89' lang='lat' dir='ltr'>virtutibus</span> <span class='ocrx_word' id='word_1_226' title='bbox 1137 4648 1280 4719; x_wconf 86' lang='lat' dir='ltr'>Carolus</span> <span class='ocrx_word' id='word_1_227' title='bbox 1314 4654 1361 4719; x_wconf 87' lang='lat' dir='ltr'>Le</span> <span class='ocrx_word' id='word_1_228' title='bbox 1399 4653 1492 4721; x_wconf 91' lang='lat' dir='ltr'>Brun</span> <span class='ocrx_word' id='word_1_229' title='bbox 1517 4644 1568 4714; x_wconf 84' lang='lat' dir='ltr'>uti·</span> 
     </span>
    </p>
   </div>
   <div class='ocr_carea' id='block_1_11' title="bbox 1622 4663 1626 4828">
    <p class='ocr_par' dir='ltr' id='par_1_12' title="bbox 1622 4663 1626 4828">
     <span class='ocr_line' id='line_1_28' title="bbox 1623 4663 1625 4688; baseline 0 0"><span class='ocrx_word' id='word_1_230' title='bbox 1623 4663 1625 4688; x_wconf 95' lang='lat' dir='ltr'>l</span> 
     </span>
     <span class='ocr_line' id='line_1_29' title="bbox 1622 4701 1626 4764; baseline 0 -7"><span class='ocrx_word' id='word_1_231' title='bbox 1622 4701 1626 4764; x_wconf 87' lang='lat' dir='ltr'>l</span> 
     </span>
     <span class='ocr_line' id='line_1_30' title="bbox 1623 4775 1626 4828; baseline 0 0"><span class='ocrx_word' id='word_1_232' title='bbox 1623 4775 1626 4828; x_wconf 95' lang='lat' dir='ltr'>l</span> 
     </span>
    </p>
   </div>
   <div class='ocr_carea' id='block_1_12' title="bbox 0 0 1645 5156">
    <p class='ocr_par' dir='ltr' id='par_1_13' title="bbox 0 0 1645 5156">
     <span class='ocr_line' id='line_1_31' title="bbox 0 0 1645 5156; baseline 0 0"><span class='ocrx_word' id='word_1_233' title='bbox 0 0 1645 5156; x_wconf 95' lang='lat' dir='ltr'> </span> 
     </span>
    </p>
   </div>
  </div>
 </body>
</html>
