3275 5167
855 456 1036 519 -110-

333 644 473 734 quidem
509 644 703 711 necessaria
731 642 899 733 neglecta,
930 643 987 709 vix
1016 641 1144 709 tebulae
1177 664 1249 709 non
1282 641 1426 709 omnino
1452 640 1538 731 pessi·

333 827 400 873 mae
433 804 557 872 conlici
585 810 745 895 possunt.
779 805 860 872 Non
889 804 995 893 igitur
1027 803 1125 892 parvi
1156 803 1262 870 refert
1287 802 1439 893 pictores
1473 802 1540 868 huic

331 969 406 1033 toto
435 970 574 1055 pectore
605 964 818 1033 incumbere.

375 1125 488 1207 Quum
516 1124 693 1207 virtutem,
733 1125 764 1191 si
802 1124 927 1193 Cerolo
960 1125 1009 1193 Le
1051 1125 1149 1193 Brun
1185 1124 1319 1208 credes,
1356 1127 1541 1214 persecutus

331 1290 365 1354 et
397 1288 605 1352 consecutus
638 1289 690 1351 cst
717 1282 883 1351 Nicolaus
914 1284 1072 1352 Poussin.
1094 1284 1183 1351 Num
1207 1284 1244 1351 in
1270 1287 1421 1373 quatuor
1439 1281 1542 1373 figuris

332 1446 471 1531 tabule,
504 1445 591 1513 nihil
624 1444 838 1535 conspicitur
877 1443 961 1534 quin
1006 1444 1249 1513 absconditum
1289 1450 1324 1512 et
1360 1444 1542 1535 significans

331 1608 377 1675 sit
404 1608 467 1695 (l).
504 1606 540 1674 Si
574 1606 787 1695 perconteris
820 1628 883 1673 cur
925 1628 1017 1673 unus
1050 1626 1090 1673 ex
1129 1604 1262 1694 angelis
1291 1604 1353 1694 qui
1394 1605 1542 1674 Sanctum

333 1764 482 1836 Paulum
512 1766 652 1855 rapiunt
692 1765 782 1833 flava
808 1770 903 1834 veste
936 1765 1115 1851 induatur,
1155 1763 1318 1833 facillime
1339 1762 1544 1855 respondebit

332 1928 379 1997 Le
423 1927 546 1993 Brun:
587 1950 602 1992 ι
640 1925 687 1993 Le
728 1926 876 2014 premier
922 1946 1011 2015 ange
1048 1926 1109 2015 qui
1144 1930 1197 1992 est
1238 1928 1321 1994 vete
1367 1925 1410 1993 de
1453 1924 1543 2013 jaune

332 2092 527 2179 represente
558 2084 661 2155 l’effet
689 2086 731 2154 de
768 2091 856 2154 cette
885 2090 986 2177 grece
1019 2108 1086 2176 que
1116 2085 1165 2154 les
1194 2085 1414 2176 theologieus
1447 2082 1545 2174 appel-

330 2248 402 2316 lent
439 2252 647 2336 prevenante
678 2251 712 2314 et
739 2247 892 2331 efficacit,
927 2247 987 2336 qui
1023 2247 1089 2314 tira
1128 2246 1333 2316 Saint-Paul
1372 2246 1420 2315 du
1452 2243 1544 2336 peche'

330 2430 421 2498 pour
449 2429 492 2475 en
534 2406 620 2475 faire
666 2406 698 2474 le
741 2406 912 2475 flambeuu
948 2406 991 2475 de
1026 2406 1157 2496 l’eglise
1199 2406 1241 2475 de
1280 2405 1542 2475 lesus-Christ...

331 2567 449 2649 Quent
481 2590 524 2634 au
558 2570 730 2634 vetement
764 2566 872 2655 jaune
901 2566 987 2633 dont
1028 2571 1082 2635 cet
1120 2590 1208 2657 ange
1251 2573 1303 2636 est
1346 2570 1499 2650 convert,
1525 2563 1543 2630 il

331 2731 406 2797 taut
436 2728 634 2796 considerer
660 2749 740 2817 que,
775 2749 910 2795 comme
940 2731 1027 2794 cette
1061 2725 1205 2796 couleur
1240 2731 1439 2818 represente
1474 2722 1544 2793 celle

331 2890 374 2959 de
402 2888 466 2957 l'or
498 2893 532 2957 et
565 2889 607 2957 de
645 2886 679 2955 la
714 2886 960 2972 lumiere,l’on
990 2891 1072 2977 peut
1105 2887 1179 2955 dire
1208 2888 1302 2955 aussi
1334 2908 1403 2977 que
1431 2909 1490 2978 par
1515 2906 1544 2951 ee

240 3043 246 3051 ’
331 3054 506 3120 vetemeut
538 3049 570 3117 le
598 3049 731 3138 peintre
758 3072 778 3115 a
808 3052 1004 3138 representet
1034 3047 1067 3114 la
1102 3046 1246 3116 lumiere
1291 3050 1326 3114 et
1365 3047 1399 3114 la
1440 3048 1544 3136 purete'

330 3212 373 3281 de
404 3211 438 3279 lu
470 3214 572 3300 grdoe
605 3208 689 3276 dont
714 3230 753 3276 ce
785 3208 877 3295 saint
910 3207 963 3276 fut
1002 3206 1125 3298 rempli
1167 3230 1211 3275 au
1249 3212 1406 3274 moment
1442 3205 1482 3273 de
1516 3224 1546 3269 sa

332 3370 540 3442 conversion
578 3393 609 3437 t.
664 3369 782 3458 Itaque
825 3368 892 3437 hoc
931 3367 967 3434 in
1012 3367 1178 3436 memoria
1220 3366 1431 3435 servandum
1472 3368 1543 3432 est:

329 3535 461 3602 flavum
490 3529 642 3598 colorem
678 3552 746 3597 non
772 3529 860 3619 jam,
891 3534 931 3598 ut
962 3530 997 3596 in
1034 3527 1151 3596 tabule
1199 3527 1367 3597 Sanctum
1407 3526 1545 3595 Michae

332 3692 399 3760 lem
428 3689 604 3776 reddente,
637 3691 857 3759 solummodo
888 3690 1090 3780 participem
1119 3689 1261 3757 luminis
1290 3695 1324 3758 et
1351 3690 1441 3757 aeris
1469 3708 1543 3768 esse,

329 4157 411 4197 veux
426 4139 568 4212 direque
583 4136 689 4211 quand
701 4155 742 4194 un
751 4137 882 4195 tableau
895 4137 1020 4194 esthon
1035 4154 1073 4194 en
1087 4146 1191 4195 toutes
1207 4154 1259 4195 ses
1284 4137 1471 4211 principales
1484 4150 1543 4209 par·

330 4239 401 4305 ties,
418 4253 538 4295 comme
552 4235 631 4292 celui
646 4253 706 4309 que
718 4238 750 4308 je
765 4244 886 4291 montre
900 4236 951 4305 ici,
965 4236 1013 4291 s'il
1034 4236 1137 4293 arrive
1158 4251 1219 4310 que
1243 4242 1322 4293 cette
1344 4237 1445 4308 partie
1467 4231 1543 4305 spiri·

328 4337 423 4394 tuelle
437 4337 484 4409 s’y
497 4343 669 4403 rencontre‚
684 4334 767 4391 alors
787 4334 847 4390 elle
863 4332 1003 4390 donnera
1015 4352 1057 4389 un
1070 4335 1170 4407 grand
1185 4334 1266 4391 dolat
1282 4337 1302 4389 d
1315 4342 1384 4390 tout
1397 4334 1542 4401 l’ouvrogc

329 4443 361 4492 et
374 4435 402 4492 le
420 4434 537 4492 rendra
546 4433 664 4507 parfeit
675 4453 701 4487 n.

383 4560 429 4630 (1)
454 4576 472 4612 u
485 4557 589 4631 Apres
609 4556 696 4612 avoir
717 4555 862 4611 examine
884 4571 937 4611 ces
957 4556 1083 4627 ligures,
1105 4558 1137 4628 je
1157 4556 1209 4627 n'y
1224 4556 1292 4611 vois
1307 4556 1374 4611 rien
1386 4556 1440 4628 qui
1453 4564 1542 4623 neunt

331 4656 477 4727 paraisse
491 4654 683 4724 mysterieux
696 4672 723 4707 s.
