3275 5167
842 430 1130 492 -16-·

326 614 570 700 demonstrari,
603 618 642 684 ut
664 613 700 681 in
733 613 870 705 pictura
897 614 981 706 quid
1008 614 1190 684 vitandum
1224 614 1307 705 quid
1341 614 1561 683 imitandum

323 774 367 843 sit
390 775 592 844 doceantur.
622 775 672 843 lla
695 778 809 845 autem
841 780 915 844 erat
940 799 1012 846 una
1041 780 1214 845 rectorum
1240 775 1283 843 de
1307 775 1442 845 artibus
1456 776 1560 867 judi-

325 936 458 1007 ciorum
484 937 552 1007 via.
583 918 754 1008 Praeterea
793 960 863 1007 non
905 940 1020 1008 solum
1055 938 1098 1006 ad
1135 938 1378 1007 auctoritatem
1421 937 1559 1028 magis-

323 1102 471 1183 trorum,
502 1096 561 1167 sed
605 1099 708 1167 etiam
744 1098 786 1168 ad
814 1100 984 1167 rationem
1021 1098 1191 1189 cujusque
1226 1098 1367 1168 artificis
1395 1098 1556 1189 respicit,

328 1282 436 1350 quum
469 1264 654 1351 praeceptu,
695 1282 766 1328 non
805 1259 919 1350 priore
955 1280 1063 1342 more,
1111 1259 1227 1349 exerpi
1259 1259 1335 1329 vult
1363 1282 1382 1327 e
1406 1262 1556 1329 conten-

327 1418 479 1489 tionibus
512 1419 549 1487 in
582 1418 762 1509 colloquiis
792 1420 888 1487 ortis.
924 1420 970 1489 Ut
1007 1419 1100 1488 enim
1138 1441 1258 1488 omnes
1282 1419 1416 1489 facilius
1440 1420 1557 1489 liben-

323 1578 460 1671 tiusque
493 1603 570 1671 quae
606 1578 794 1650 Academia
837 1581 1027 1651 decreverit
1059 1584 1261 1671 sequantur,
1299 1586 1445 1651 conatur
1474 1604 1555 1673 per-

323 1740 520 1811 suasionem
555 1740 623 1810 illis
652 1741 826 1821 inculcare
857 1742 917 1834 (l).
966 1741 1130 1816 Crederes
1168 1742 1308 1833 quidem
1343 1743 1446 1835 Regis
1485 1744 1554 1811 Mi-

322 1900 471 1970 nistrum
520 1901 669 1971 liberum
721 1902 889 1993 cujusque
942 1900 1124 1971 arbitrium
1173 1924 1296 1972 curere
1343 1924 1351 1971 ε
1407 1903 1466 1971 sed
1521 1904 1553 1971 si

321 2060 426 2131 altius
460 2061 664 2153 inspexeris,
707 2061 885 2152 intelleges
926 2084 1005 2131 eum
1043 2062 1085 2130 ad
1129 2085 1235 2131 unam
1280 2061 1552 2154 pulchritudinis

322 2222 482 2307 formam,
514 2222 556 2291 ad
592 2244 698 2292 unam
732 2221 897 2313 pingendi
928 2226 986 2290 vet
1013 2222 1192 2313 sculpendi
1219 2223 1322 2304 viam,
1359 2222 1403 2292 ad
1441 2246 1550 2294 unam

322 2382 447 2453 artium
478 2382 696 2474 disciplinam
730 2384 950 2475 spectavisse.
986 2384 1252 2467 Auctoritatem,
1294 2386 1397 2455 etiem
1431 2386 1552 2454 mode-

372 2878 447 2949 (1)c
470 2876 496 2934 ll
515 2876 613 2934 serait
626 2892 738 2935 encore
761 2876 781 2931 a
806 2891 923 2949 propos
949 2892 1011 2949 que
1036 2876 1082 2933 les
1110 2876 1268 2933 decisione
1292 2877 1332 2933 de
1355 2877 1546 2937 l'Academie

320 2976 441 3035 fussent
469 2975 717 3049 accompagnees
745 2974 802 3031 des
825 2975 949 3031 raisons
971 2974 1083 3048 qu’elle
1102 2992 1123 3031 a
1144 2991 1219 3032 eues
1241 2975 1281 3032 de
1305 2992 1340 3032 se
1359 2976 1547 3035 determiner

319 3076 399 3133 dans
410 3093 447 3133 sa
459 3076 640 3145 resolution,
651 3076 744 3148 apres
759 3074 848 3130 avoir
859 3073 991 3147 apperte
1006 3081 1037 3130 et
1050 3073 1171 3131 discute'
1183 3082 1289 3132 tontes
1307 3075 1352 3132 les
1367 3077 1491 3133 raisons
1507 3077 1547 3133 de

318 3182 390 3247 pert
412 3182 443 3231 et
465 3174 595 3243 dentre,
609 3181 639 3231 et
655 3189 718 3229 non
734 3189 793 3245 pas
808 3173 855 3227 les
867 3171 985 3228 donner
1000 3189 1041 3228 eu
1056 3173 1162 3245 public
1175 3181 1279 3229 toutes
1298 3190 1377 3231 nues
1395 3182 1426 3232 et
1442 3182 1547 3231 tontes

319 3272 458 3347 simplos,
470 3272 552 3328 ainsi
565 3288 625 3345 que
639 3271 696 3328 des
708 3270 831 3326 oracles
846 3270 976 3342 quel'on
989 3271 1087 3326 serait
1096 3271 1200 3344 oblige
1211 3272 1251 3328 de
1265 3272 1373 3342 croire,
1382 3289 1476 3347 parce
1485 3290 1547 3345 que

321 3388 373 3430 ces
410 3370 557 3426 mutieres
586 3370 673 3425 etant
702 3375 806 3424 tontes
834 3369 966 3442 sujcttes
995 3386 1036 3425 au
1063 3369 1307 3440 raisonnement‚
1337 3370 1360 3426 il
1385 3372 1436 3443 n’y
1465 3388 1545 3428 aura

320 3485 475 3543 personne
498 3468 605 3540 quise
626 3473 774 3522 trouvent
802 3465 893 3522 d’une
915 3466 1043 3537 opinion
1063 3468 1217 3523 contraire
1243 3469 1314 3524 bla
1342 3469 1478 3525 decision
1507 3469 1547 3526 de

319 3565 510 3623 l’Academie
524 3564 616 3636 (fut-il
630 3564 673 3620 du
684 3579 775 3636 corps
790 3567 891 3620 meme
905 3563 945 3619 de
959 3564 1163 3637 l’Accdemie)
1176 3566 1228 3638 qui
1246 3566 1292 3638 s’y
1306 3566 1403 3623 rende
1417 3568 1544 3636 jamnis,

319 3667 339 3720 b
352 3665 454 3721 moins
470 3663 543 3737 qu’il
556 3662 626 3719 voie
638 3661 695 3717 des
709 3662 833 3717 raisons
848 3669 879 3717 et
889 3661 1167 3733 demonstrations‚
1182 3672 1214 3720 et
1227 3668 1328 3721 meme
1338 3681 1398 3721 unc
1412 3666 1546 3737 reponse

319 3763 495 3837 pertinente
514 3778 576 3818 eux
597 3760 771 3834 objections
788 3759 863 3832 qu’il
888 3760 1029 3832 pourreit
1045 3760 1135 3830 faire,
1155 3761 1195 3818 de
1214 3770 1299 3819 sorte
1317 3763 1548 3837 qu'ilvaudrait

318 3863 424 3919 mieux
433 3878 471 3918 ne
483 3861 593 3917 traiter
607 3868 638 3917 et
651 3876 690 3915 ne
698 3858 824 3916 occider
838 3875 898 3932 que
913 3859 996 3915 deux
1012 3877 1053 3916 ou
1067 3862 1145 3916 trois
1160 3862 1323 3934 questions
1333 3879 1392 3934 par
1404 3865 1545 3934 anaprcs

317 3961 364 4017 les
378 3960 467 4017 avoir
480 3960 553 4016 bien
568 3958 747 4015 examinecs
763 3965 793 4015 ct
805 3958 1008 4031 approncies‚
1022 3976 1082 4032 que
1095 3959 1135 4015 dc
1149 3958 1227 4015 seire
1241 3977 1284 4015 un
1302 3959 1403 4032 grand
1416 3962 1546 4017 nombre

318 4058 358 4114 de
381 4058 538 4115 decisions
557 4057 611 4129 qui
624 4073 664 4113 ne
679 4072 714 4112 se
728 4055 942 4112 trouveraient
955 4073 1015 4127 pas
1031 4065 1198 4114 soutenues
1218 4057 1258 4113 de
1278 4057 1547 4115 demonstratione

318 4156 559 4213 convaincantes
572 4173 612 4211 ou
624 4156 667 4212 dn
682 4154 832 4211 moinsde
842 4155 1090 4211 raisonnements
1105 4158 1168 4211 tres
1180 4156 1310 4226 solides,
1323 4173 1420 4228 parce
1434 4158 1547 4230 qu’une

317 4256 464 4328 question
489 4255 562 4312 bien
587 4254 700 4310 treitee
723 4254 790 4309 fera
815 4254 886 4325 plus
912 4253 951 4309 de
974 4253 1049 4309 fruit
1072 4270 1133 4326 que
1158 4263 1228 4311 cent
1248 4255 1414 4328 questions
1435 4256 1489 4329 qui
1506 4271 1547 4312 ne

318 4354 455 4412 seraient
469 4354 598 4411 trcitees
621 4369 682 4426 que
701 4351 992 4425 superficiellement
1010 4372 1036 4407 n.
1055 4351 1102 4408 Cf.
1123 4353 1424 4411 Preces-verbenis...
1445 4354 1494 4409 Du
1510 4354 1548 4409 26

316 4470 403 4511 mars
421 4454 499 4526 1667.
516 4482 552 4494 -
570 4451 618 4508 Cf.
639 4466 764 4525 quoque
777 4450 816 4506 de
829 4450 941 4506 eedem
954 4466 998 4506 re.
1014 4451 1290 4509 Prome-Verbaux
1303 4453 1347 4508 du
1359 4451 1409 4509 nte
1422 4454 1494 4526 jour
1506 4452 1548 4508 de

317 4552 534 4623 janvier1670.
563 4550 605 4607 Le
631 4550 715 4605 Brun
727 4548 872 4603 bortatur
888 4554 924 4602 ut
946 4547 1170 4619 disputationis
1190 4557 1376 4623 argumenta
1401 4566 1422 4606 a
1437 4550 1548 4607 Scribe

317 4656 473 4706 notentur.
