3275 5167
1227 500 1547 563 ..87-

142 680 307 748 bert
366 681 522 750 vult
574 682 888 753 libellum
931 685 1014 753 de
1063 687 1435 755 affectuum
1494 686 1932 777 expressione
1985 685 2229 755 excudi
2274 686 2407 777 (1];
2463 691 2615 755 tan-

142 840 341 924 dem,
380 842 439 908 si
505 841 789 912 Claudio
829 844 1126 914 Nivelon
1195 847 1459 934 credaS‚
1510 849 1655 917 Rex
1712 848 1857 938 ipse
1889 848 2224 938 pictorem
2284 851 2611 919 omnihus

137 1005 489 1091 praestare
555 1004 921 1093 profitetur
1000 1029 1142 1075 non
1200 1008 1361 1097 quia
1413 1007 1595 1076 aedes
1647 1030 1807 1076 suas
1867 1009 2238 1089 ornaverit,
2285 1007 2401 1077 sed
2443 1011 2607 1099 quia

143 1161 475 1231 libellum
513 1166 904 1256 composuit
943 1167 1064 1257 (2).

240 1322 324 1391 Si
362 1346 499 1413 qua
538 1325 766 1394 Caroli
806 1328 899 1395 Le
940 1327 1130 1395 Brun
1169 1328 1520 1395 excusatio
1560 1333 1688 1412 est,
1723 1328 2015 1397 fortasse
2047 1349 2236 1396 nunc
2267 1327 2611 1395 recordari

137 1471 428 1573 oportet
491 1507 629 1574 quo
687 1486 932 1555 ardore
1003 1486 1455 1556 illustrissimi
1518 1488 1670 1578 ejus
1753 1488 1974 1556 aetatis
2030 1487 2160 1556 viri
2216 1487 2495 1577 ingenia
2547 1495 2611 1555 et

142 1644 443 1712 affectus
501 1644 865 1714 hominum
929 1647 1342 1737 perscrutati
1400 1649 1539 1716 sint
1582 1652 1649 1717 et
1691 1648 1984 1740 quisque
2044 1672 2169 1740 pro
2241 1672 2367 1717 sua
2423 1655 2611 1739 parte

143 1806 595 1894 expresserit.
631 1806 787 1874 Non
828 1806 1025 1875 aliter
1092 1830 1171 1877 ac
1220 1808 1566 1876 Cartesius
1603 1809 1710 1877 vel
1781 1808 2136 1878 Johannes
2183 1807 2439 1878 Racinc
2499 1811 2611 1875 hic

142 1965 433 2033 aeternis
472 1965 877 2055 cupidinum
908 1966 1126 2057 signis
1158 1967 1469 2055 attendit,
1506 1991 1804 2059 quorum
1854 1969 2081 2038 studio
2135 1970 2295 2059 jam'
2321 1993 2358 2037 a
2383 1971 2619 2059 pucri-

141 2127 246 2194 tia
280 2126 683 2217 flagravisse
720 2127 996 2196 videtur
1052 2128 1188 2218 (3);
1244 2134 1613 2219 postquam
1659 2152 1823 2207 vero
1873 2131 2237 2199 Nicolaum
2274 2130 2611 2199 Posmssin

145 2290 440 2355 secutus
479 2291 647 2373 erat,
695 2288 937 2378 quidni
986 2287 1152 2357 huic
1188 2289 1475 2380 picturae
1500 2291 1684 2380 parti
1742 2313 1814 2359 se
1863 2291 2067 2360 unice
2120 2289 2471 2359 dedisset?
2523 2291 2611 2359 At

250 2800 336 2869 (1)
365 2797 448 2855 Cf
452 2840 464 2853 .
504 2797 1042 2854 Proces·verbaux
1069 2814 1105 2869 9
1146 2798 1307 2853 avril
1339 2798 1503 2870 1678.
1526 2840 1539 2853 .
1562 2841 1575 2854 .
1619 2821 1644 2851 α
1678 2797 1884 2872 Apres
1927 2798 2079 2876 quoi
2109 2815 2147 2853 a
2175 2797 2272 2853 ete
2320 2799 2611 2869 presente

109 2913 113 2914 ⁷
144 2899 186 2952 a
220 2896 667 2968 Monseigneur
711 2896 1025 2967 plusieurs
1052 2894 1301 2951 dessins
1346 2912 1453 2950 sur
1487 2895 1910 2968 l’Expression
1939 2895 2051 2951 des
2107 2895 2407 2951 Passionis.
2459 2895 2611 2951 dunt

143 2995 236 3051 M.
274 2995 360 3050 Le
384 2994 551 3049 Brun
581 2994 754 3049 avait
793 2992 968 3065 parle
1008 3010 1085 3049 en
1113 2993 1508 3049 l’assemblee
1554 2993 1950 3065 precedente,
1983 3001 2045 3047 et
2073 2995 2260 3064 apres
2292 2991 2383 3048 les
2431 2995 2611 3047 avoir

146 3091 598 3159 considereS,il
626 3108 666 3146 a
690 3092 948 3147 exhorte
978 3091 1066 3145 M.
1103 3092 1185 3147 Le
1223 3092 1390 3147 Brun
1410 3090 1489 3147 de
1518 3090 1610 3147 les
1639 3091 1795 3146 faire
1817 3106 2040 3163 graver
2069 3106 2228 3162 pour
2253 3090 2344 3145 les
2379 3091 2611 3143 donner

144 3208 235 3247 au
267 3190 480 3262 public
510 3205 665 3245 avec
721 3189 1144 3260 l’explication
1173 3189 1320 3261 qu’il
1363 3206 1440 3244 en
1479 3207 1518 3245 a
1550 3189 1740 3245 ecrite
1785 3205 2026 3244 comme
2055 3186 2168 3243 des
2226 3187 2447 3243 choses
2483 3191 2607 3243 tras

142 3288 338 3344 utiles
369 3295 431 3343 et
464 3295 928 3359 avantageuses
957 3304 1116 3359 pour
1142 3287 1234 3343 les
1260 3294 1395 3342 arts
1426 3286 1503 3343 de
1533 3288 1818 3359 peinture
1845 3294 1906 3342 et
1937 3286 2014 3341 de
2046 3285 2383 3357 sculpture.
2415 3303 2447 3339 r·

262 3414 346 3484 (2)
376 3411 477 3469 Cf.
526 3411 637 3468 Vie
657 3410 733 3467 de
774 3411 1037 3468 Char-les
1069 3411 1154 3466 Le
1182 3411 1383 3477 Bran,
1415 3428 1471 3482 p.
1522 3428 1623 3467 221
1643 3455 1655 3467 .
1699 3434 1725 3464 <1
1761 3411 1844 3468 Sa
1872 3411 2138 3483 Majeste
2184 3419 2371 3482 ayant
2399 3431 2479 3467 vu
2507 3427 2611 3467 ces

147 3511 412 3568 curieux
449 3526 763 3583 ouvrages
792 3518 854 3566 et
883 3510 936 3564 si
979 3510 1343 3565 recherches
1375 3510 1469 3565 les
1519 3527 1638 3565 uns
1693 3512 1883 3581 apres
1926 3510 2017 3565 les
2061 3517 2294 3577 autres,
2329 3519 2387 3564 et
2431 3511 2615 3563 a'fflre

147 3609 360 3665 donne
389 3609 453 3663 la
482 3608 662 3680 peine
694 3607 771 3664 de
826 3608 942 3663 lire
994 3608 1328 3663 elle-meme
1367 3607 1423 3662 le
1463 3607 1667 3663 Τναίτέ
1712 3607 1820 3663 des
1863 3608 2160 3663 Passions
2207 3606 2301 3662 dit
2331 3608 2367 3661 a
2399 3607 2487 3663 M.
2531 3607 2611 3663 [6

147 3709 323 3763 Brun
344 3722 448 3762 ces
477 3705 729 3778 paroles
752 3705 1226 3777 remarquables
1252 3705 1401 3776 qu’il
1442 3705 1646 3760 fallait
1670 3706 1958 3761 conclure
1995 3707 2182 3777 apres
2215 3703 2292 3760 de
2338 3707 2391 3759 si
2419 3707 2611 3759 hellus

150 3819 427 3878 preuves
458 3804 538 3859 de
570 3820 685 3859 son
715 3802 928 3858 savoir
957 3802 1105 3875 qu’il
1126 3802 1278 3857 etait
1302 3801 1639 3858 au-dessus
1669 3811 1732 3858 et
1759 3802 1818 3859 le
1848 3803 1989 3875 plus
2019 3801 2219 3875 grand
2246 3802 2324 3858 de
2348 3810 2491 3859 tuus
2519 3803 2611 3859 lea

154 3905 466 3959 hommes,
502 3923 529 3953 »

262 4027 351 4099 (3)
371 4026 463 4083 Cf.
482 4026 713 4082 Guillet
723 4025 802 4082 de
820 4024 1322 4097 Saint-GeorgeS‚
1340 4024 1680 4080 Memoires
1707 4024 1928 4081 ἰηέάὶἰε
1938 4041 2051 4080 sar·
2067 4024 2128 4079 la
2154 4025 2387 4082 oie...V.
2411 4027 2523 4099 [φ.
2543 4031 2575 4079 (ἱ
2595 4047 2607 4083 :

155 4149 181 4178 α
237 4126 284 4180 ll
322 4124 593 4180 'etudiait
636 4124 812 4180 aussi
867 4124 1236 4196 (antequam
1273 4122 1541 4178 Romam
1571 4186 1580 4193 ,
1618 4122 1886 4193 primum
1923 4122 2451 4195 proficisceretur)
2517 4127 2607 4179 ,las

153 4223 453 4296 passione
511 4239 592 4278 ou
634 4228 1063 4277 mouvements
1107 4220 1185 4275 de
1222 4219 1427 4287 Fame,
1470 4227 1532 4274 et
1570 4218 1885 4274 cherchait
1921 4235 2076 4275 avec
2119 4231 2615 4293 cmpressanmnt

149 4320 495 4376 l’entretien
518 4320 631 4375 des
656 4326 915 4375 savants
943 4318 1049 4389 qui
1080 4318 1166 4373 lui
1191 4335 1267 4373 en
1300 4316 1640 4389 pouvaient
1689 4316 1925 4372 donner
1971 4316 2083 4373 des
2138 4318 2447 4383 lumierus.
2483 4323 2607 4371 alin

154 4436 276 4491 que
309 4435 423 4473 son
451 4418 717 4490 pinceau
748 4434 826 4473 en
868 4417 948 4471 sit
992 4416 1104 4471 des
1151 4415 1555 4488 expressions
1598 4414 1740 4486 plus
1782 4415 2139 4471 naturelleS.
2187 4416 2233 4471 11
2277 4415 2615 4471 constitutit

154 4517 330 4572 aussi
353 4515 665 4571 la-dessus
687 4516 778 4571 les
818 4530 1129 4586 ouvrages
1156 4513 1247 4569 les
1277 4513 1419 4585 plus
1452 4512 1730 4568 celebres
1757 4512 1835 4567 de
1880 4512 1942 4567 la
1982 4513 2268 4584 peinture
2316 4523 2372 4568 et
2423 4515 2499 4567 dr.
2555 4515 2611 4567 la

154 4613 490 4686 sculpture.
528 4634 553 4658 v·
589 4645 653 4653 —
685 4613 776 4668 De
811 4612 1073 4667 scientia
1121 4620 1182 4667 et
1227 4610 1617 4666 humanitate
1664 4609 1874 4664 Caroli
1910 4612 1990 4665 Le
2026 4610 2215 4678 Brun,
2257 4611 2321 4666 cf
2352 4611 2611 4667 Nirclnn

152 4713 291 4785 (vie
322 4711 401 4767 de
430 4712 541 4767 Ch.
579 4714 659 4767 Le
691 4711 884 4779 Brun,
914 4728 975 4782 p.
1008 4709 1085 4779 8).
1115 4709 1299 4781 Apud
1323 4709 1525 4764 Vouet
1549 4709 1809 4779 picturae
1841 4707 2073 4776 studet,
2125 4730 2151 4760 «
2187 4709 2611 4783 s’appIIquant
