3275 5167
584 462 744 528 „79-

44 646 185 734 quibua,
214 650 254 715 ut
277 647 401 732 aiebat,
426 672 440 715 e
467 648 517 716 les
541 650 682 718 enciens
713 650 870 719 ouvriers
899 655 959 719 ont
994 656 1191 741 repre'sente
1215 654 1274 722 des

43 806 209 876 divinite's
231 830 276 877 ou
296 808 356 876 des
376 809 481 877 heros
500 811 606 899 qu'on
624 810 805 900 supposuit
825 814 895 879 ttre
911 810 1014 880 d’une
1029 812 1122 881 taille
1139 834 1276 881 accom-

40 961 134 1056 pliei
174 971 213 1036 et
244 990 333 1058 pour
360 968 409 1037 les
439 973 560 1038 mettre
587 970 673 1037 dans
707 992 745 1039 ee
778 969 881 1061 degre
910 971 951 1040 de
980 972 1181 1061 perlection,
1217 996 1274 1041 ces

40 1125 234 1197 excellents
260 1130 415 1230 ouvriers
444 1130 583 1198 avaient
603 1130 664 1197 fait
686 1153 733 1199 un
758 1131 861 1199 choix
889 1130 931 1199 de
955 1135 1068 1200 toutes
1093 1132 1141 1200 les
1167 1132 1275 1201 helles

40 1288 173 1375 parties
194 1290 256 1380 qui
278 1292 551 1381 composeraient
574 1315 622 1360 un
647 1292 786 1359 homme
809 1291 862 1359 s‘il
886 1316 908 1383 y
937 1314 979 1360 en
1008 1293 1101 1361 avait
1125 1292 1166 1361 de
1194 1316 1274 1383 par-

39 1448 132 1518 faits.
159 1474 175 1516 s
208 1452 257 1540 (l)
278 1452 358 1519 Non
382 1452 492 1521 nostri
514 1457 576 1538 est,
603 1456 642 1521 ut
665 1475 788 1542 parum
807 1452 951 1543 picturae
967 1476 1051 1522 usus
1066 1454 1271 1545 peritorum,

41 1611 222 1699 requirere
252 1634 295 1679 an
317 1612 461 1681 Carolus
484 1614 533 1681 Le
556 1612 653 1682 Brun
681 1613 718 1681 in
742 1612 870 1682 tabulis
896 1615 968 1682 suis
993 1614 1149 1683 eamdem
1181 1614 1274 1684 viam

40 1767 228 1839 intraverit
246 1776 348 1861 atque
367 1773 499 1862 antiqui
517 1798 524 1858 3
553 1778 588 1841 at
607 1775 690 1842 satis
705 1779 757 1842 est
772 1796 852 1843 eum
869 1774 943 1842 haee
959 1773 1084 1842 dixisse
1104 1779 1143 1843 ut
1157 1797 1272 1865 repre-

42 1928 200 2000 hendere
226 1932 400 2022 possimus
425 1933 530 2022 quod,
555 1939 688 2003 naturae
712 1934 940 2003 imitationem
963 1936 1174 2025 praecipuam
1199 1958 1273 2004 esse

42 2088 239 2176 declarans,
248 2097 406 2161 naturam
417 2098 742 2163 artecommutatam
752 2094 945 2184 suspexerit
955 2100 988 2162 et
998 2118 1104 2162 unam
1114 2094 1275 2185 pulcher-

42 2250 170 2321 rimam
195 2276 269 2323 esse
291 2254 451 2324 voluerit.
470 2256 582 2337 Quam
617 2255 824 2323 sententiam
847 2277 917 2323 non
952 2255 1057 2323 semel
1087 2256 1271 2346 exposuit:

45 2435 127 2481 nam
157 2416 200 2484 de
220 2416 341 2506 figuris
364 2416 400 2483 in
423 2415 542 2484 tabula
571 2415 720 2505 quadam
746 2438 766 2483 a
791 2415 934 2484 Nicolao
961 2417 1112 2485 Poussin
1139 2415 1273 2507 depicta

43 2574 151 2643 verba
164 2574 307 2660 faciens,
323 2597 604 2665 unamquamque
619 2575 771 2643 laudavit
785 2575 880 2665 quod
906 2598 1086 2645 mensuras
1114 2577 1273 2665 antiquo-

44 2753 123 2801 rum
138 2735 321 2824 signorum
336 2734 494 2803 redderet
509 2735 569 2825 (2).
591 2736 711 2825 Itaque
731 2757 803 2803 non
817 2741 950 2805 naturae
970 2758 1074 2825 quam
1094 2740 1172 2805 ante
1187 2759 1271 2806 ocu-

43 2890 94 2960 los
116 2895 301 2981 habemuS,
319 2897 378 2965 sed
394 2896 469 2987 ejus
492 2919 596 2986 quam
623 2903 866 2988 expresserunt
888 2902 1020 2967 veteres
1044 2900 1272 2969 imitationem

45 3056 313 3125 commendavit.
336 3059 418 3127 Haec
443 3062 558 3126 autem
580 3063 703 3126 natura
724 3057 805 3146 quid
831 3058 924 3127 aliud
953 3063 1005 3127 est
1026 3082 1065 3127 ac
1090 3064 1212 3127 ornata
1238 3065 1272 3129 et

44 3218 235 3307 composita
254 3240 345 3287 verae
360 3223 493 3290 naturae
507 3219 611 3307 inago
630 3219 645 3285 l

88 3376 190 3445 Hanc
222 3382 337 3446 tamen
369 3378 559 3468 disciplinae
593 3383 725 3468 partem
759 3402 897 3470 quoque
933 3379 1056 3449 Garolo
1088 3382 1135 3449 Le
1174 3382 1269 3450 Brun

43 3535 218 3625 placuisse
233 3543 429 3629 pateremur
444 3539 472 3606 si
488 3538 575 3605 nihil
593 3538 740 3629 amplius
759 3540 1082 3610 commendavisset.
1095 3542 1183 3609 Nam
1199 3564 1269 3608 non

44 3698 157 3767 solum
179 3703 311 3767 naturae
335 3698 538 3786 imitatione,
569 3699 629 3767 sed
659 3700 761 3767 etiam
788 3724 904 3770 rerum
927 3700 1207 3784 commutatione,
1239 3702 1268 3769 si

43 3857 156 3946 pictor
177 3859 334 3929 eruditus
349 3859 405 3947 sit,
430 3859 576 3950 pulchra
604 3860 813 3929 efficiuntur.
840 3862 1046 3951 Quanquam
1075 3860 1267 3952 periculum

45 4024 94 4086 est
110 4020 295 4109 corrigenti
311 4025 471 4089 naturam
485 4021 539 4090 vel
562 4026 678 4112 partes
694 4021 870 4111 jucundas
892 4021 1066 4111 colligenti
1098 4021 1134 4089 in
1158 4043 1269 4090 unum

99 4244 143 4317 (1)
157 4244 203 4300 Ila
228 4246 328 4301 verba
352 4245 458 4303 Caroli
477 4245 520 4302 Le
549 4246 634 4302 Brun
650 4245 766 4301 Guillet
784 4244 824 4299 de
845 4244 1087 4319 Saint-Georges
1111 4245 1216 4302 retulit
1237 4246 1269 4302 in

46 4342 246 4399 adnotatione
259 4360 356 4415 supra
371 4344 476 4400 citata.

96 4468 137 4540 (a)
150 4467 197 4523 Cf.
226 4468 375 4524 Felibien.
400 4468 534 4524 Sixieme
559 4467 748 4525 conference.
772 4465 865 4521 Nulla
888 4476 938 4523 ast
958 4470 989 4524 in
1014 4467 1124 4524 tabula
1148 4468 1268 4525 Nicola'r'

48 4564 178 4622 Poussin
190 4566 293 4638 figura
307 4566 382 4640 quin
393 4566 526 4624 Carolus
541 4568 584 4623 Le
598 4568 683 4623 Brun
695 4563 890 4621 contenderit
915 4583 986 4623 eam
1005 4564 1141 4637 antiquis
1160 4564 1268 4638 figuris

49 4664 180 4721 similem
192 4680 274 4721 esse.
