3275 5167
868 448 1030 512 -45..

337 630 382 700 du
414 630 538 699 Lantin
566 633 627 721 qui
659 637 711 701 est
743 657 786 703 au
815 634 1044 704 Betvedere...
1074 660 1091 697 »
1122 633 1169 723 (t)
1214 630 1336 700 Plures
1365 627 1454 695 sunt
1485 622 1558 712 ssiu·

336 814 384 858 rae
417 813 565 880 quarum
601 792 745 863 Carolus
778 795 826 863 Le
863 795 958 863 an
994 791 1258 862 similitudinem
1300 812 1386 859 cum
1423 784 1558 874 antiquis

335 950 444 1039 signis
474 952 745 1037 animadvertit;
782 961 818 1023 at
854 978 925 1022 non
963 977 1051 1047 opus
1093 959 1145 1024 est
1191 975 1311 1023 omnes
1345 951 1411 1018 hic
1440 944 1560 1015 laudari
1623 990 1624 1042 g

336 1113 374 1178 ut
407 1110 573 1179 sentiatur
626 1111 756 1182 nullam
800 1135 874 1183 rem
919 1114 1193 1205 pulchritudinis
1231 1112 1446 1204 participem
1486 1107 1560 1187 fore,

336 1274 456 1339 nostro
487 1272 619 1362 pictore
656 1272 785 1361 judice,
824 1273 891 1341 nisi
936 1297 954 1342 θ
992 1275 1162 1364 gravitate
1206 1273 1352 1363 antiqua
1388 1266 1559 1361 procedat.

336 1432 436 1515 Quod
489 1455 626 1523 quoque
665 1435 887 1504 manifestum
941 1440 993 1504 est
1037 1458 1079 1504 ex
1124 1434 1280 1503 oratione
1322 1432 1483 1523 quadam
1528 1428 1562 1495 de

337 1615 523 1684 corporum
561 1595 733 1664 mensuris
763 1598 812 1685 (2)
847 1619 953 1687 quam
989 1596 1153 1666 Claudius
1189 1596 1338 1667 Nivelon
1377 1592 1462 1661 vult
1493 1612 1561 1659 eum

336 1754 372 1824 in
407 1754 599 1823 Academia
628 1755 791 1825 habuisse
823 1760 884 1847 (3).

379 1914 468 1983 Nam
532 1937 730 2005 quanquam
788 1918 924 1987 duabus
979 1941 1163 2010 corporum
1217 1918 1390 1987 mensuris
1450 1934 1559 1983 omnes

334 2074 464 2166 figuras
498 2075 642 2165 exprimi
669 2099 771 2167 posse
799 2076 998 2164 declaravit,
1041 2104 1056 2147 a
1092 2080 1185 2149 l’une
1222 2101 1312 2169 pour
1345 2078 1396 2147 les
1441 2076 1559 2165 figures

337 2234 458 2305 nobles
491 2240 525 2304 et
562 2236 761 2327 herotques‚
793 2235 917 2308 l’autre
941 2262 1030 2330 pour
1063 2239 1113 2309 tes
1143 2239 1301 2309 hommes
1329 2239 1509 2329 rustiques
1532 2239 1559 2302 et

339 2419 490 2487 paysans
523 2421 537 2465 r
583 2396 642 2489 (t),
665 2399 875 2490 exemplaria
917 2402 961 2470 ad
1003 2425 1124 2472 omnes
1161 2401 1386 2471 delineandas
1423 2402 1556 2491 figuras,
1615 2403 1617 2406 ’

340 2555 445 2623 etiam
485 2556 633 2626 rusticas
685 2562 719 2626 et
775 2547 940 2649 agrestae,
994 2560 1098 2651 elegit
1145 2560 1289 2628 minime
1327 2557 1492 2649 dignitati
1533 2557 1558 2621 et

338 2712 481 2783 elationi
528 2716 788 2806 repugnantia;
830 2741 922 2804 nam,
971 2720 1095 2810 inquit,
1144 2745 1159 2787 r
1202 2720 1272 2789 l'on
1319 2719 1450 2788 choisit
1482 2736 1558 2808 pour
1623 2780 1624 2795 ,

336 2873 370 2944 la
403 2875 572 2966 premiere
601 2881 693 2946 sorte
725 2875 759 2943 la
792 2878 903 2968 figure
945 2880 1086 2970 antique
1129 2878 1372 2971 d’Apollon,...
1415 2900 1506 2969 pour
1532 2873 1557 2939 la
1623 2974 1624 2995 Χ

388 3286 431 3357 (1)
445 3284 586 3342 Felibien
602 3300 609 3341 :
627 3284 762 3343 Sixieme
778 3288 968 3344 conference.

387 3408 433 3483 (a)
446 3408 565 3466 Gallice
581 3424 589 3464 t
604 3408 664 3465 Les
678 3412 889 3483 proportione.

389 3534 434 3608 (3)
448 3534 546 3591 Nemo
564 3541 688 3606 praeter
711 3535 880 3592 Claudium
900 3537 1031 3593 Nivelon
1053 3537 1183 3594 tradidit
1203 3537 1354 3595 Carolum
1375 3537 1422 3594 Le
1434 3538 1517 3593 Brun
1529 3532 1559 3588 de

334 3632 394 3690 hac
405 3649 438 3689 re
454 3633 553 3689 verba
567 3630 691 3700 secisse,
707 3632 769 3687 nisi
783 3633 816 3687 in
832 3641 921 3690 sexto
941 3634 1095 3707 colloquio
1119 3635 1287 3692 aFelibien
1310 3634 1424 3691 relato.
1442 3631 1559 3690 Difficile

335 3730 421 3787 dictu
436 3738 485 3786 est
500 3747 542 3786 an
564 3746 677 3787 revera
694 3730 869 3787 orationem
886 3732 919 3787 in
935 3732 1108 3788 Academia
1121 3730 1235 3805 egerit.
1258 3733 1316 3789 Cui
1338 3727 1560 3789 asseverationi

334 3828 363 3884 si
379 3828 576 3898 assentiaris,
592 3828 678 3884 haud
703 3827 833 3884 dubium
858 3837 907 3885 est
933 3830 1008 3903 quin
1033 3830 1172 3886 Testelin
1196 3830 1228 3885 in
1255 3830 1441 3886 «Discours
1458 3828 1560 3885 surles

333 3927 537 3999 proportione
553 3947 567 3978 o
584 3927 655 3999 ejus
668 3925 859 3982 sententiam
875 3926 1019 3994 fideliter,
1035 3943 1093 3983 suo
1106 3944 1203 3996 more,
1227 3928 1433 4000 expresserit.
1450 3927 1561 3984 Utcum·

333 4042 396 4098 que
425 4040 460 4081 se
488 4041 527 4081 ea
555 4040 607 4080 res
632 4023 754 4090 habuit,
787 4024 868 4079 inter
906 4017 1015 4081 omnes
1043 4025 1205 4081 conveniet
1240 4024 1392 4080 Carolum
1420 4024 1466 4080 Le
1489 4024 1561 4079 Brm

334 4122 585 4197 haudquaquam
599 4139 620 4177 a
635 4120 799 4178 sententiis
810 4138 881 4193 quae
893 4119 967 4177 tunc
988 4122 1139 4194 expositae
1158 4129 1231 4177 sunt
1245 4122 1462 4177 abhorruisse,
1492 4122 1561 4176 Nam

333 4218 487 4279 Hernicus
501 4219 650 4289 Testelin,
664 4220 734 4291 eius
749 4218 870 4275 amicus
884 4226 915 4274 et
929 4219 1041 4287 fautor,
1057 4236 1217 4291 nunquam
1236 4220 1268 4273 in
1280 4219 1481 4276 orationibus
1505 4218 1562 4273 suis

332 4320 506 4395 quidquam
520 4317 629 4375 retulit
642 4316 727 4390 quod
747 4317 777 4373 ei
790 4334 903 4390 parum
920 4316 1103 4389 placuisset,
1118 4316 1223 4372 Verba
1243 4323 1350 4372 autem
1365 4333 1385 4372 a
1398 4317 1493 4372 nobis
1506 4315 1562 4370 lau·

334 4417 421 4489 data,
437 4415 523 4492 quod
537 4433 602 4473 non
616 4431 637 4471 a
660 4415 814 4487 scriptore
829 4412 1053 4486 exprobantur,
1066 4413 1117 4469 vel
1128 4412 1309 4471 CarolusLe
1322 4413 1411 4469 Brun
1422 4412 1509 4481 fecit,
1520 4410 1563 4467 vet

332 4537 410 4577 vera
424 4519 548 4577 habuit.
1087 4568 1090 4571 ,

387 4644 437 4717 (4)
453 4643 500 4700 ct.
518 4640 556 4697 H.
573 4638 723 4696 Testelin.
738 4666 774 4679 -
786 4597 1010 4691 Sentiments...
1026 4633 1175 4690 Discours
1188 4650 1243 4691 sur
1256 4634 1526 4707 lesproportions.
