3275 5167
552 462 750 537 .-29-

54 648 82 715 si
100 649 314 739 probaretur
326 647 533 717 miraculum
545 649 682 718 Jericho
694 671 767 718 sese
778 649 942 718 habuisse
964 650 1049 718 hora
1064 671 1167 740 quam
1177 650 1284 719 Nico-

52 807 130 877 laus
164 810 316 878 Poussin
349 810 461 913 ¹voluit
492 811 527 878 in
562 809 680 879 tabula
705 810 814 879 reddi.
829 809 875 879 At
896 809 1015 878 eedem
1036 810 1120 879 hora
1143 811 1281 879 Jericho

53 973 87 1037 et
116 970 317 1060 Gapharnai
350 971 424 1041 haec
457 973 528 1040 duo
548 970 716 1039 miracula
749 974 938 1039 evenerunt
974 971 1022 1038 ite
1053 974 1093 1039 ut
1110 974 1230 1040 neuter
1248 972 1284 1038 in

53 1130 278 1199 contentione
293 1131 425 1199 vicerit.

97 1290 234 1359 Eodem
250 1313 341 1360 anno
364 1291 410 1382 (l)
430 1290 573 1361 Carolus
595 1292 641 1359 Le
665 1292 761 1360 Brun
781 1292 822 1360 de
847 1290 965 1361 tabula
990 1314 1005 1358 r
1029 1291 1095 1360 Les
1114 1290 1285 1360 Israeliten

54 1450 260 1520 recueillant
286 1452 322 1519 le
336 1474 463 1520 manne
483 1452 569 1520 dens
584 1451 615 1519 le
645 1452 759 1520 desert
776 1476 790 1519 n
809 1451 977 1541 inscripta
1006 1451 1111 1520 verba
1139 1450 1277 1520 lecerat.

55 1612 146 1695 Quid
162 1618 267 1704 putas
279 1613 493 1703 disputatum
508 1635 582 1681 esse
599 1614 614 1680 'l
632 1613 918 1682 Inventionemne
935 1637 978 1681 an
997 1613 1286 1704 dispositionem?

57 1776 139 1843 Haec
175 1775 316 1865 quidem
349 1798 420 1843 non
458 1774 613 1843 ommnio
649 1773 805 1865 neglecta
838 1780 920 1843 sunt
950 1798 958 1860 ;
999 1776 1058 1844 sed
1092 1777 1284 1865 praesertim

55 1938 315 2023 perscrutatum
352 1939 402 2005 est
439 1960 484 2003 an
516 1934 681 2003 Nicolaus
713 1935 860 2003 Poussin
889 1958 943 2004 res
967 1958 1103 2004 summe
1138 1936 1279 2005 veritate

57 2095 295 2186 expressisset.
309 2094 562 2186 ltaquealiquis
573 2094 744 2164 eeCarolo
755 2095 801 2163 Le
812 2095 1063 2186 Brunobjecit:
1085 2097 1158 2164 «M.
1170 2096 1281 2165 Pous-

57 2254 108 2322 sin
126 2258 186 2323 n'a
214 2278 276 2347 pas
307 2254 523 2324 ne'ammoins
550 2256 612 2323 tait
633 2256 719 2324 dans
742 2278 780 2324 ce
794 2255 931 2325 tableau
951 2278 1018 2323 une
1047 2255 1159 2345 image
1187 2259 1280 2325 assez

58 2415 307 2484 ressemblante
341 2421 417 2483 ace
445 2416 505 2506 qui
533 2436 569 2483 se
597 2438 758 2506 passaeu
785 2415 909 2502 desert,
933 2414 1072 2506 lorsque
1102 2416 1225 2507 Dieuy
1244 2416 1284 2483 fit

56 2576 194 2643 tomber
208 2574 241 2643 la
256 2578 395 2659 manne,
412 2573 576 2665 puisqu'il
591 2574 635 2641 l'a
654 2580 1013 2665 representeecomme
1027 2576 1055 2644 si
1067 2577 1157 2645 c'edt
1171 2580 1223 2644 ete
1242 2575 1285 2645 de

55 2734 137 2823 jour
167 2740 201 2804 et
234 2735 306 2803 ale
324 2758 391 2805 vue
405 2736 465 2804 des
494 2736 677 2819 Israelites,
704 2758 743 2804 ce
775 2738 835 2826 qui
862 2740 914 2805 est
941 2741 1058 2806 contre
1080 2737 1111 2806 le
1129 2742 1221 2807 texte
1244 2737 1287 2807 de

59 2894 242 2965 l'Ecriture
258 2898 318 2987 qui
333 2900 430 2987 porte
456 2896 558 2986 qu'ils
575 2895 609 2964 la
627 2896 824 2965 trouvaient
842 2895 873 2965 le
898 2898 1005 2965 motin
1025 2898 1200 2988 repandue
1220 2921 1288 2967 eux

61 3056 226 3125 environs
243 3056 288 3125 du
301 3078 401 3147 camp
421 3079 554 3125 comme
579 3079 647 3125 une
666 3062 763 3125 roste
785 3055 887 3147 qu'ils
910 3055 1051 3125 alleient
1069 3079 1238 3125 ramesser
1252 3081 1282 3126 i.

60 3215 233 3286 Praeterea
241 3217 332 3285 idem
346 3216 399 3285 vir
408 3216 591 3285 Nicolaum
606 3217 752 3285 Poussin
765 3216 988 3307 reprehendit
1001 3217 1092 3307 quod
1118 3217 1288 3286 tristiores

62 3381 94 3444 et
112 3376 357 3447 imbecilliores
367 3378 526 3447 homines
542 3378 773 3472 depinxisset;
798 3401 890 3461 nam,
915 3378 1039 3468 inquit,
1060 3402 1075 3446 r
1102 3401 1140 3447 ce
1162 3378 1287 3469 peuple

62 3539 152 3607 avait
166 3538 244 3629 ddja
258 3544 310 3607 ete
325 3561 471 3607 seeouru
492 3560 554 3628 par
573 3538 632 3607 des
648 3537 763 3606 ceilles
776 3561 806 3608 n.
826 3540 872 3608 Le
887 3538 982 3606 Brun
999 3528 1122 3608 autem*
1134 3542 1234 3607 acute
1254 3543 1289 3607 et

63 3700 194 3767 urbane
210 3697 410 3789 respondit:
439 3721 454 3765 r
471 3698 503 3767 A
518 3697 591 3767 cela
612 3698 656 3768 M.
684 3698 731 3766 Le
755 3697 851 3766 Brun
872 3698 1014 3788 repartit
1038 3698 1120 3788 qu'il
1141 3698 1220 3767 n'en
1236 3703 1288 3767 est

62 3880 122 3946 pas
139 3860 181 3929 de
200 3859 234 3929 la
253 3859 412 3950 peinture
428 3880 561 3928 comme
581 3858 622 3926 de
647 3857 827 3944 l'histoire,
845 3859 952 3949 qu’un
974 3858 1144 3927 historico
1165 3881 1202 3927 se
1225 3860 1288 3928 fait

64 4020 228 4089 entendre
241 4042 304 4111 par
318 4044 366 4089 un
382 4024 625 4110 arrangement
640 4019 681 4087 de
695 4020 834 4110 paroles
850 4024 883 4087 et
901 4020 1065 4089 unesuite
1075 4021 1116 4089 de
1129 4019 1287 4091 discours

65 4181 121 4268 qui
137 4180 248 4249 forme
276 4202 345 4249 une
364 4181 477 4270 image
506 4179 565 4248 des
586 4179 709 4248 choses
730 4179 813 4269 qu'il
834 4184 916 4247 veut
931 4178 1004 4248 dire
1020 4184 1053 4247 et
1091 4186 1285 4270 repre'sente

116 4592 155 4662 (1)
180 4591 198 4647 5
222 4590 405 4648 novembre.
432 4620 465 4630 -
496 4588 546 4646 cf.
580 4588 674 4646 uenis
701 4586 839 4644 restem
863 4586 1100 4659 (musmones...
1127 4588 1177 4645 eu.
1208 4589 1287 4661 1696.
1319 4547 1321 4552 ’

66 4685 216 4745 Discours
244 4706 298 4745 sur
325 4687 582 4763 l'Ordonnance).¹
1047 4694 1050 4697 ’
