3275 5167
73 583 234 652 secondo
266 590 359 653 sorte
398 586 440 654 de
477 587 711 677 proportionS,
762 610 807 655 on
849 589 918 678 prit
951 588 984 655 la
1024 587 1133 678 figure
1169 588 1309 679 antique

71 744 118 812 du
166 745 282 835 jeune
332 747 460 816 Fauno.
495 774 511 811 n
562 748 676 830 Quare
718 747 775 816 vix
814 748 984 838 suspicari
1025 748 1105 817 licet
1141 772 1211 839 qua
1252 750 1310 817 via

70 909 243 993 artifices,
281 900 324 977 'si
370 910 412 979 ad
454 910 601 1001 figuram
651 910 829 1000 antiquam
861 910 1000 1001 juvenis
1048 910 1159 979 Fauni
1198 911 1309 1001 respi-

72 1070 183 1155 ciant,
224 1070 365 1139 rudium
405 1070 587 1139 hominum
620 1072 769 1162 speciem
807 1070 950 1140 reddere
990 1072 1135 1162 possint,
1181 1072 1309 1141 nedum

72 1229 236 1317 sordida,
290 1230 403 1321 turpis
453 1236 486 1299 ot
539 1231 679 1299 horrida
724 1232 820 1322 plebs
873 1232 1084 1322 exprimatur
1139 1231 1194 1300 vel
1239 1234 1310 1301 las-

73 1391 175 1459 civiis
233 1392 347 1483 pictor
397 1391 587 1481 indulgeat.
637 1392 716 1481 Ipsa
762 1390 954 1461 similitudo
1009 1393 1120 1462 Fauni
1175 1415 1310 1483 semper

73 1552 256 1620 servanda
301 1552 491 1642 ignobilem
525 1551 704 1621 materiem
754 1575 774 1619 a
821 1552 947 1621 tabulis
994 1557 1099 1622 arcet.
1145 1553 1308 1622 Ceterum

75 1736 148 1780 non
193 1714 270 1804 jam
316 1715 359 1783 de
406 1713 611 1783 necessitate
655 1717 688 1781 et
726 1712 800 1803 lege
846 1715 1024 1803 gravitatis
1057 1714 1247 1783 artificibus
1291 1738 1311 1783 a

76 1873 208 1943 Carolo
245 1875 291 1943 Le
322 1874 419 1943 Brun
453 1874 634 1963 impositae
666 1873 873 1963 ambigetur,
909 1874 952 1958 si,
974 1879 1157 1963 postquam
1199 1876 1310 1943 oratio

76 2032 112 2098 in
146 2034 343 2103 Academia
375 2038 451 2102 acta
485 2038 548 2119 est,
579 2038 791 2124 praeceptum
826 2034 882 2102 cui
909 2056 1029 2102 omnes
1067 2034 1198 2102 assensi
1228 2039 1311 2103 sunt

76 2191 175 2281 legas
209 2218 216 2263 :
257 2221 274 2259 «
310 2194 365 2265 Un
395 2194 527 2284 peintre
560 2192 632 2262 doit
664 2193 785 2277 eviter,
817 2197 939 2262 autent
981 2215 1047 2283 que
1076 2192 1239 2283 possible,
1261 2194 1311 2261 les

79 2359 252 2424 contours
281 2354 383 2445 petits
412 2358 447 2422 et
485 2353 619 2440 chetifs,
650 2360 669 2421 a
698 2353 811 2421 moins
844 2353 901 2443 d'y
928 2356 999 2421 atre
1038 2352 1150 2443 obliga
1187 2375 1250 2444 par
1279 2355 1312 2421 la

80 2516 253 2584 necessita
288 2515 347 2583 des
381 2488 488 2605 sujets
517 2520 550 2583 et
586 2514 619 2582 la
653 2514 780 2582 varie'te
828 2514 887 2582 des
927 2518 1128 2585 contrastes
1161 2539 1176 2581 r
1209 2514 1310 2597 Quod

82 2674 111 2740 si
160 2642 279 2744 tamen
334 2676 522 2744 contendas
568 2675 658 2743 hanc
709 2674 949 2743 necessitatem
1004 2675 1226 2744 historiarum
1278 2681 1312 2745 et

82 2834 285 2903 varietatem
313 2836 562 2904 contrariarum
590 2834 680 2902 inter
709 2857 744 2901 se
767 2856 884 2903 rerum
918 2834 1109 2925 pictoribus
1137 2834 1310 2904 licentiam

83 2996 201 3063 omnia
236 2994 449 3086 exprimendi
482 2995 673 3085 reliquisse,
698 2994 739 3061 ad
764 2993 992 3061 imitationem
1025 2994 1136 3062 Fauni
1169 3017 1311 3062 servan-

87 3152 166 3221 dam
196 3157 347 3226 reterens
380 3161 413 3224 et
440 3155 619 3247 graphidis
663 3154 899 3224 definitionem
931 3155 1131 3239 recordans,
1166 3176 1311 3245 respon-

87 3312 175 3385 debo
204 3321 238 3386 et
267 3316 491 3386 Academiam
526 3321 563 3385 at
594 3315 757 3385 Carolum
790 3316 837 3384 Le
870 3316 965 3383 Brun
993 3316 1168 3405 quoddam
1194 3316 1310 3385 nobile

86 3478 119 3541 et
158 3478 301 3553 elatum¹
328 3477 490 3545 omnibus
527 3475 690 3565 operibus
722 3477 833 3543 inesse
868 3474 1033 3559 voluisse,
1063 3480 1102 3544 ut
1137 3480 1311 3567 spectator

87 3635 128 3702 ad
157 3638 283 3707 mentis
310 3637 528 3705 altitudinem
562 3636 616 3704 vel
644 3634 863 3725 elegantiam,
909 3657 979 3703 non
1019 3636 1061 3703 ad
1095 3636 1310 3704 damnandos

90 3796 230 3867 affectus
279 3798 490 3866 traheretur.
548 3796 686 3864 Etenim
743 3796 840 3864 nulla
893 3796 969 3886 ejus
1026 3796 1136 3864 aetatis
1192 3797 1312 3865 tabula

91 3956 279 4050 adspicitur
319 3982 396 4050 quae
447 3958 532 4026 alias
582 3958 733 4026 auctoris
786 3957 982 4026 voluntates
1034 3962 1189 4027 testetur.
1226 3958 1311 4039 Quae

90 4123 202 4188 autem
235 4144 254 4187 a
287 4118 411 4187 Garolo
442 4118 488 4186 Le
523 4119 618 4185 Brun
650 4118 705 4185 vel
743 4116 882 4206 scripta,
920 4116 975 4185 vel
1009 4117 1308 4203 delineata-sunt,

89 4280 302 4349 manifestius
348 4279 470 4347 ceteris
522 4277 684 4367 operibus
728 4276 984 4345 reconditarum
1031 4282 1064 4346 et
1106 4277 1310 4346 eximiarum

91 4440 334 4509 sententiarum
371 4438 526 4507 studium
557 4460 628 4528 prae
658 4461 694 4506 se
724 4436 850 4506 lerunt.

133 4602 306 4689 Attamen,
334 4599 467 4668 etiamsi
491 4598 566 4667 haec
587 4596 762 4688 dignitatis
794 4595 849 4664 lex
876 4594 1021 4682 colatur,
1052 4595 1138 4664 nihil
1167 4597 1310 4689 pulchri
