3275 5167
905 462 1066 527 -94-

379 648 604 738 colorumque
632 648 923 739 significationem
959 648 1076 739 magni
1110 647 1319 731 duxerunt;
1361 671 1448 739 quae,
1480 647 1504 715 si
1532 671 1573 715 ars

376 810 510 878 sincera
545 808 765 901 simplicique
797 814 930 880 naturae
963 808 1155 877 imitatione
1191 808 1411 894 terminetur,
1448 812 1574 877 couten-

376 969 491 1039 nenda
519 975 614 1056 aunt,
649 970 677 1038 si
710 992 793 1038 vcro
822 969 945 1039 Carolo
980 970 1027 1039 Le
1062 970 1158 1038 Brun
1189 973 1223 1040 et
1255 969 1449 1059 aequalibus
1484 991 1573 1037 assen-

376 1130 485 1215 tiaris,
543 1154 563 1199 a
613 1128 723 1215 nullo,
776 1130 843 1199 nisi
890 1129 987 1199 rudis
1039 1130 1219 1213 habeatur,
1263 1128 1489 1220 neglegentur
1532 1134 1574 1196 aul

376 1288 641 1381 ignorabantur.

420 1450 458 1519 Si
490 1449 630 1540 quidem
663 1450 758 1519 illam
791 1451 998 1520 insolentem
1028 1450 1226 1543 cupidinem
1255 1451 1445 1542 superandi
1468 1451 1574 1541 pictura

376 1610 586 1701 scriptorum
615 1610 760 1680 virtutes
793 1611 935 1679 omnino
969 1610 1205 1681 demonstrare
1233 1610 1326 1702 apud
1362 1610 1518 1681 Carolum
1542 1610 1574 1677 Le

1622 1742 1624 1769 l

378 1770 473 1839 Brun
502 1770 684 1856 vellemus,
710 1771 785 1861 ejus
818 1770 945 1839 tabulis
973 1771 1088 1863 potius
1121 1771 1224 1840 etiam
1258 1792 1363 1861 quam
1413 1769 1573 1860 discipline
1622 1770 1624 1845 Ι

378 1929 665 2015 attenderemus;
697 1953 776 1999 nam
805 1931 942 2023 plenius
974 1932 1041 1999 illis
1075 1954 1180 2021 quam
1213 1931 1279 2000 hac
1316 1932 1353 1999 in
1384 1931 1496 2001 lucem
1515 1952 1574 2021 pro

377 2091 504 2173 fertur.
544 2091 590 2159 At
618 2114 725 2182 quum
758 2091 800 2163 de
832 2092 906 2183 ejus
937 2092 1038 2183 pictis
1068 2092 1230 2184 operibus
1269 2092 1356 2159 nihil
1377 2093 1437 2162 hic
1466 2096 1572 2181 egetur,

378 2251 422 2321 ad
452 2273 562 2343 pauca
601 2275 678 2344 quae
705 2252 749 2323 de
776 2252 842 2320 hac
879 2275 916 2321 re
959 2252 1014 2321 vel
1060 2252 1200 2345 scripsit
1230 2253 1285 2322 vel
1319 2254 1471 2343 aequales
1495 2249 1574 2318 tradi·

375 2410 502 2480 derunt
535 2411 578 2479 ah
615 2433 655 2480 co
685 2411 777 2480 dicta
812 2434 887 2479 esse
919 2412 1155 2502 respiciemus.
1207 2412 1257 2481 lla
1298 2412 1392 2481 enim
1443 2411 1574 2481 felicitate

376 2573 482 2642 verba
519 2572 740 2641 illustrissimi
773 2572 916 2663 pictoris
954 2572 996 2641 ad
1034 2596 1096 2642 nos
1134 2579 1365 2663 pervenerunt
1394 2579 1446 2661 ut,
1480 2591 1573 2663 quau-

375 2733 430 2802 vis
464 2734 641 2802 rarissima
674 2735 755 2816 sint,
780 2732 1004 2823 gravissimas
1036 2734 1245 2825 quaestiones
1277 2734 1481 2826 plerumque
1509 2736 1573 2799 trac-

377 2899 463 2966 tent.

425 3056 577 3126 Felibien
605 3055 708 3123 refert
736 3054 784 3145 (l)
818 3054 981 3124 Carolum
1015 3057 1061 3124 Le
1094 3057 1202 3141 Brun,
1233 3056 1275 3126 de
1311 3056 1430 3125 tabula
1466 3050 1573 3123 Nicola'

385 3218 532 3286 Poussin
561 3216 598 3283 in
627 3239 695 3306 qua
717 3214 829 3313 ludaei
854 3215 1061 3305 accipientes
1087 3216 1122 3283 in
1151 3216 1336 3285 solitudine
1359 3217 1490 3285 victum
1503 3212 1575 3281 ellin-

382 3380 515 3467 guntur
569 3374 806 3461 disserentem,
843 3375 995 3445 voluisse
1037 3377 1186 3466 pictores
1225 3400 1295 3445 nou
1337 3376 1452 3445 solum
1482 3376 1574 3466 poete·

376 3557 454 3603 rum
491 3555 674 3625 personam
712 3558 826 3626 agere,
866 3536 924 3603 sed
954 3537 1056 3603 etiam
1093 3536 1280 3627 tragoedias
1321 3534 1529 3607 lineamentis
1552 3532 1574 3597 el

378 3692 553 3763 coloribus
577 3694 772 3785 disponere.
808 3695 908 3779 Quod
938 3696 1077 3787 quidem
1111 3698 1225 3767 minus
1255 3699 1445 3785 miraberis,
1476 3698 1503 3765 si
1523 3714 1573 3761 me·

254 3930 257 3933 ⁴
382 3854 525 3924 mineris
553 3854 738 3924 Nicolaum
772 3855 932 3941 Poussin,
958 3857 1017 3945 qui
1041 3856 1168 3925 famam
1206 3862 1240 3925 et
1282 3880 1410 3926 nomen
1455 3849 1571 3947 pictoris

376 4015 578 4107 philosophi
616 4015 809 4104 usurpavit,
855 4016 897 4083 ab
951 4038 991 4084 eo
1029 4016 1250 4110 singulariter
1300 4018 1473 4086 excultum
1506 4031 1570 4082 esse.

378 4177 493 4259 Quare
526 4176 580 4245 sui
619 4174 773 4265 magistri
811 4174 1093 4267 philosophicum
1131 4180 1164 4244 et
1204 4178 1379 4268 poeticum
1421 4173 1571 4267 ingenium

376 4338 418 4407 ad
458 4337 568 4407 nubes
613 4334 792 4421 extollenS,
837 4334 1098 4424 dispositionem
1141 4336 1330 4425 figurarum
1377 4340 1411 4405 et
1445 4334 1570 4403 diversos

431 4662 476 4733 (1)
490 4660 640 4716 nemeen.
656 4657 792 4714 Sixieme
813 4658 1005 4714 conterence.
