3275 5167
847 422 1007 486 ,52-

314 628 411 689 vem,
434 629 543 697 quum
561 606 604 675 ad
625 612 775 675 mentem
793 606 897 675 simul
913 590 1014 675 acad
1026 606 1147 675 oculos
1162 608 1345 697 pertineat,
1370 606 1544 698 proxime,

315 766 378 835 sed
390 789 460 836 non
471 767 575 857 longo
590 766 772 835 intervallo
787 788 907 835 curam
920 766 1098 857 dignitatis
1113 767 1346 857 exprimendae
1364 766 1542 857 sequitur:

317 926 405 997 nihil
421 927 513 997 enim
530 927 685 996 animum
705 927 747 996 ad
764 927 997 997 reconditiora
1012 934 1047 997 et
1079 928 1199 997 altiora
1221 928 1327 998 trahit
1349 928 1443 1018 quod
1474 949 1544 995 non

317 1112 388 1160 una
406 1086 564 1157 delectet.
586 1089 664 1179 lpsa
689 1092 804 1157 autem
827 1087 1030 1179 jucunditas
1049 1110 1154 1180 quam
1184 1087 1294 1158 oculis
1331 1087 1544 1179 percipimus

315 1248 402 1316 tanti
418 1248 538 1339 quanti
554 1248 670 1317 unitas
689 1253 721 1317 et
750 1248 879 1317 veritas
899 1248 1102 1317 aestimanda
1133 1254 1197 1335 est,
1228 1247 1392 1340 quoniam
1407 1247 1485 1317 sine
1504 1271 1545 1316 ea

316 1408 405 1478 nihil
415 1409 554 1501 pulchri
569 1414 716 1479 creatur.

361 1570 480 1661 ltaque
506 1570 581 1660 jam
611 1570 830 1662 disciplinam
863 1570 978 1641 Caroli
1004 1572 1051 1641 Le
1084 1571 1180 1641 Brun
1205 1570 1248 1639 de
1280 1570 1542 1661 pulchritudine

318 1730 511 1821 pictoribus
526 1730 765 1822 persequenda
785 1730 1050 1820 cognoscimus:
1075 1752 1153 1820 quae
1185 1730 1360 1799 simillima
1380 1734 1432 1799 est
1465 1754 1542 1800 sen-

315 1891 433 1962 tentiis
468 1891 595 1981 quihus
632 1911 753 1959 omncs
781 1890 937 1982 ejusdem
967 1891 1076 1960 aetatis
1115 1896 1273 1961 auctores
1307 1890 1539 1960 indulserunt.

318 2053 455 2123 Etenim
471 2052 500 2152 si
520 2054 668 2121 «Artem
684 2052 860 2121 Poeticam
880 2074 894 2119 ι
913 2050 1038 2119 iterum
1055 2051 1162 2143 legas,
1175 2051 1311 2120 easdem
1328 2050 1542 2120 hortationes

322 2237 362 2283 ac
377 2214 469 2306 apud
485 2213 649 2283 Carolum
669 2213 716 2282 Le
731 2213 827 2282 Brun
849 2211 1019 2299 invenies
1037 2212 1174 2282 easdem
1189 2211 1336 2281 virtutes
1367 2234 1541 2282 commen·

322 2375 395 2444 dari
411 2374 551 2460 senties,
572 2396 634 2443 seu
654 2372 696 2441 de
715 2372 882 2465 dignitate
900 2394 1017 2442 rerum
1041 2373 1101 2465 (1),
1118 2395 1178 2443 seu
1193 2373 1235 2441 de
1250 2373 1383 2442 unitate
1406 2372 1469 2465 (2),
1487 2396 1545 2443 seu

323 2533 365 2602 de
380 2533 522 2603 veritate
544 2534 603 2625 (3),
616 2556 677 2604 seu
692 2534 734 2603 de
745 2532 965 2623 jucunditate
986 2532 1031 2625 (4)
1048 2532 1212 2602 Nicoleus
1227 2531 1374 2602 Boileau
1404 2534 1548 2603 suadeat

595 3220 655 3277 Quoi
667 3233 712 3281 que
725 3232 784 3267 rous
798 3219 908 3277 teririez,
917 3220 989 3269 trites
1005 3220 1026 3269 Ιι
1043 3219 1170 3269 bossesse:

596 3309 628 3358 Le
645 3310 704 3371 styla
720 3309 742 3358 lc
755 3309 834 3359 moins
852 3310 922 3359 nohle
936 3316 1071 3372 apourtant
1087 3324 1112 3358 sa
1123 3308 1232 3359 nohlcsac

596 3450 614 3499 ll
625 3452 673 3500 lant
690 3466 734 3515 que
748 3453 838 3515 chaque
854 3452 953 3515 chosey
971 3452 1018 3501 soit
1029 3453 1090 3501 miso
1106 3466 1136 3501 en
1153 3464 1196 3501 son
1208 3451 1263 3507 lieu,

596 3540 646 3597 Que
662 3541 684 3590 le
700 3540 779 3602 debut,
796 3542 856 3589 lalln
871 3540 1004 3605 rependent
1015 3556 1045 3590 ιιι
1060 3540 1149 3600 milico,

598 3629 648 3686 One
665 3630 720 3678 d'un
733 3628 861 3679 artdclicrt
878 3630 913 3679 les
928 3630 1008 3693 piccus
1025 3629 1140 3678 assortics

594 3718 637 3781 lt'y
652 3718 753 3767 forment
770 3718 842 3782 qu’un
857 3719 908 3768 seul
930 3724 980 3768 tout
997 3718 1025 3767 de
1039 3718 1145 3767 diverses
1162 3718 1258 3781 parties,

597 3862 685 3912 tamaio
698 3877 727 3911 au
740 3870 874 3926 spectateur
885 3862 981 3913 n'ollrez
992 3862 1043 3911 rien
1056 3861 1227 3924 d'incroyable:

595 3952 627 4001 Le
641 3952 690 4001 vrai
700 3959 756 4015 peut
771 3951 916 4015 quelquafois
927 3952 1001 4001 n'ttrc
1015 3965 1058 4014 pas
1074 3950 1302 4001 rrsisemhlahlc....

596 4042 646 4099 Qec
658 4041 680 4090 ta
690 4048 772 4090 nature
783 4040 844 4089 donc
854 4044 901 4091 soit
916 4048 981 4091 rotro
993 4040 1063 4090 elude
1075 4040 1193 4105 unique...

602 4184 621 4233 ll
633 4184 694 4233 n'cst
708 4198 751 4248 pas
767 4184 797 4233 de
813 4191 918 4247 serpent,
933 4198 976 4247 pas
993 4183 1022 4233 de
1038 4192 1145 4233 monstro
1160 4184 1243 4233 odiens

598 4273 644 4331 Qui
657 4288 701 4336 par
717 4273 771 4322 l'srt
783 4273 849 4323 imitt
859 4288 888 4323 nc
905 4274 986 4338 puisse
1000 4272 1074 4335 phire
1087 4287 1131 4323 aux
1145 4288 1225 4335 μοι..
1235 4310 1257 4325 ..

596 4362 630 4412 lte
646 4364 733 4424 figures
750 4376 808 4411 sans
820 4363 918 4412 nombre
935 4365 1017 4424 egayez
1032 4369 1097 4411 notre
1112 4376 1229 4423 ouvra303

595 4453 647 4510 Que
659 4458 709 4501 tout
725 4467 739 4513 p
756 4453 819 4500 lesse
832 4466 875 4500 anx
891 4465 948 4514 ycnx
963 4466 1009 4499 unc
1021 4452 1096 4500 riante
1111 4450 1204 4511 image:

595 4540 632 4591 On
643 4547 700 4603 pout
709 4542 785 4589 ttret
799 4540 821 4587 la
835 4540 884 4588 lois
898 4546 921 4588 et
935 4552 1052 4601 pomponi
1066 4546 1090 4588 ct
1103 4539 1226 4602 plaisant..
1236 4576 1257 4589 ..

595 4628 697 4678 N'oflrcz
710 4627 763 4677 rien
777 4642 807 4676 ιιι
825 4626 912 4676 lectenr
929 4640 974 4689 quc
990 4640 1018 4675 ce
1030 4628 1070 4689 qni
1080 4632 1136 4690 peut
1148 4628 1180 4677 lui
1194 4628 1275 4692 phire.
