3275 5167
527 1902 674 1975 CAPUT
699 1903 875 1974 PRIMUM
947 1840 962 1857 ·

126 2317 190 2379 Dc
214 2316 372 2395 orlqlne
394 2320 436 2378 et
460 2316 593 2379 torma
616 2314 950 2379 academicorum
974 2314 1273 2395 colloquiorum

132 2751 343 2841 Quanquam
367 2750 484 2821 nullus
517 2752 559 2821 dc
594 2751 776 2841 colloquiis
808 2751 895 2821 liher
922 2752 965 2820 ad
997 2756 1151 2821 nostram
1179 2756 1314 2821 aetatem

81 2912 250 3003 pervenit
282 2912 344 3001 (1),
384 2934 402 2981 e
437 2912 573 2981 duobus
604 2912 846 3003 chirographis
874 2916 1011 2981 constal
1037 2913 1226 2982 Henricum
1246 2936 1315 2982 van

82 3072 195 3141 Hulst
216 3071 401 3143 consilium
422 3072 540 3142 iniisse
558 3072 712 3142 historiae
734 3094 856 3142 eorum
876 3073 1066 3142 scribendae
1083 3073 1151 3165 (2);
1174 3095 1255 3141 nam
1283 3076 1316 3140 ct

140 3418 191 3493 (1)
205 3419 357 3476 Henricus
373 3418 509 3476 Testelin
524 3419 573 3476 vel
589 3419 715 3492 scripsit
724 3418 774 3475 vel
789 3426 872 3475 certe
887 3434 993 3475 secum
1007 3419 1177 3476 meditatus
1192 3426 1240 3476 est
1253 3419 1316 3475 his-

75 3516 203 3573 toriam
218 3516 389 3591 qnamdam
403 3518 642 3590 colloquiorum:
656 3535 674 3572 «
687 3516 815 3573 Comme
829 3516 885 3589 j’ai
896 3516 1010 3587 refuso,
1020 3518 1075 3583 ait,
1083 3518 1140 3573 des
1155 3517 1262 3590 copies
1277 3517 1316 3573 de

76 3615 225 3672 l'cxtrait
238 3616 295 3673 des
310 3616 519 3673 confercmces
534 3632 595 3692 que
609 3618 640 3689 je
654 3632 731 3672 vous
746 3615 866 3684 navaie,
882 3631 932 3671 me
950 3616 1113 3672 re'servant
1134 3624 1238 3672 tontes
1264 3632 1316 3672 ces

75 3714 239 3771 maticres
253 3716 285 3771 la
299 3732 380 3788 pour
390 3714 514 3787 jaindre
539 3731 581 3770 au
600 3713 715 3771 recueil
740 3713 866 3785 general
892 3730 952 3786 que
977 3715 1009 3786 je
1036 3729 1087 3769 me
1113 3722 1254 3786 promcts
1277 3713 1317 3771 de

75 3811 208 3868 faire...
224 3834 238 3865 »
254 3811 548 3886 (Correspondance
562 3811 619 3868 dcs
634 3812 805 3868 directeurs
821 3813 862 3868 de
886 3811 1076 3867 l'Academie
1090 3811 1130 3868 de
1154 3812 1271 3868 France
1297 3814 1318 3867 a

73 3910 188 3967 Rome
203 3912 242 3967 V.
261 3913 319 3985 lp.
337 3910 370 3983 73
386 3928 393 3967 ε
409 3911 447 3967 Η.
464 3910 601 3968 Tcslelin
615 3914 635 3966 h
650 3910 797 3967 Evrard5
814 3909 895 3966 avril
911 3910 1001 3983 1678).
1015 3941 1049 3951 -
1064 3909 1216 3967 Claudius
1227 3909 1318 3967 Nive·

71 4008 139 4063 lon
154 4008 230 4081 (Vie
244 4009 284 4066 de
298 4009 430 4066 Charles
444 4007 474 4065 le
485 4009 568 4065 Brun
583 4026 613 4080 p.
630 4008 698 4080 223)
712 4008 797 4064 idem
808 4016 975 4065 asseverat
989 4009 1095 4065 dicens
1112 4025 1119 4062 :
1142 4032 1190 4067 a...
1208 4026 1243 4066 ce
1264 4010 1318 4082 qui

73 4123 117 4163 se
135 4122 255 4178 pourra
269 4106 375 4163 mieux
391 4108 461 4162 voir
472 4114 504 4163 et
515 4106 663 4163 entendre
677 4106 757 4162 dans
772 4105 801 4163 le
819 4106 943 4180 journal
958 4107 1012 4181 qui
1035 4114 1084 4164 est
1096 4108 1239 4181 imprime
1262 4106 1319 4163 des

72 4204 290 4261 conferences
302 4204 343 4261 de
357 4212 428 4260 tous
444 4220 496 4261 ces
509 4205 713 4261 Messinm»,
727 4204 899 4260 AtHenrici
911 4204 1047 4262 Testelin
1057 4205 1146 4275 liber,
1155 4206 1184 4261 si
1193 4204 1319 4278 quando

71 4302 195 4359 editus
209 4302 261 4371 sit,
277 4302 384 4374 periit3
401 4302 617 4359 commentarii
641 4310 756 4371 antem,
772 4318 852 4374 qnos
868 4301 1018 4359 Claudius
1045 4302 1177 4360 Nivelon
1206 4302 1321 4359 «Jour-

68 4400 163 4457 nal»
181 4407 286 4470 vocat,
302 4416 484 4474 quanquam
497 4400 699 4458 manifestum
710 4406 759 4456 est
773 4416 829 4456 eos
844 4399 1005 4457 exstitisse
1020 4409 1051 4458 et
1065 4418 1085 4457 a
1098 4401 1239 4457 lohanne
1251 4400 1319 4457 Rou

69 4507 187 4573 atque
202 4499 243 4555 ab
258 4497 391 4555 Henrico
405 4516 467 4555 van
481 4498 574 4555 Hulst
588 4498 685 4555 lectos
700 4514 782 4567 esse,
796 4515 856 4555 nos
871 4498 1048 4555 etiamnunc
1061 4499 1192 4572 fugiunt.

139 4623 190 4696 (2)
206 4623 253 4681 Illi
261 4624 461 4698 chirographi
482 4624 515 4681 in
528 4623 723 4680 Bibliotheca
737 4622 852 4679 scholae
865 4623 908 4680 ad
920 4631 1005 4680 artes
1016 4622 1176 4680 docendas
1188 4622 1319 4680 Lutetiae

69 4722 244 4778 institutae
277 4730 452 4779 servantur.
480 4721 527 4786 Cf.
555 4721 690 4779 indicem
715 4718 1013 4792 chirographorum:
1028 4718 1070 4776 Ν0
1084 4721 1112 4775 5.
1139 4720 1216 4775 Plan
1242 4735 1322 4790 pour

1183 4861 1197 4902 1
