3275 5167
883 404 1043 468 ..55-

348 588 443 657 chris
476 588 605 659 tabulis
647 587 904 679 percipiendam
934 608 1007 657 esse
1033 610 1104 658 non
1130 588 1317 659 arbitratus
1350 592 1451 658 esset.
1483 589 1550 672 Quis

348 747 442 817 enim
463 748 574 817 nescit
601 772 616 815 r
641 748 808 839 pictorem
836 746 1086 839 philosophum
1111 773 1126 815 r
1158 748 1316 818 dixisse:
1348 746 1550 819 ‹Delectatio

349 907 430 977 finis
444 909 587 999 picturae
602 908 676 979 est?
694 934 708 976 r
727 910 847 1000 ltaque
865 930 1001 1001 semper
1024 909 1168 980 Carolus
1184 911 1231 980 Le
1251 910 1347 980 Brun
1371 909 1501 979 tabulas
1521 909 1552 976 ad

345 1068 601 1161 jucunditatem
620 1069 759 1140 tendere
777 1069 900 1141 voluit.

393 1232 433 1301 ln
471 1230 628 1300 oratione
663 1254 678 1297 r
713 1230 925 1301 Sentiments
954 1254 1014 1302 sur
1047 1232 1079 1303 le
1114 1232 1235 1302 merite
1267 1232 1309 1301 de
1331 1233 1365 1301 la
1387 1231 1551 1302 couleur»

347 1391 525 1483 inscripta,
569 1412 686 1481 presse
714 1396 748 1460 et
775 1390 953 1461 enucleate
994 1392 1147 1461 declarat
1182 1416 1260 1483 qnae
1298 1393 1344 1462 sit
1380 1393 1456 1462 haec
1490 1412 1555 1481 pro·

347 1552 423 1645 pria
460 1552 602 1643 picturae
640 1551 802 1643 voluptas
838 1574 846 1623 t
884 1553 1015 1623 ‹Tout
1049 1553 1227 1645 l'apanage
1264 1554 1306 1623 de
1345 1553 1379 1622 la
1416 1552 1553 1635 couleur,

347 1713 471 1805 inquit,
491 1717 542 1783 ast
560 1712 603 1783 de
622 1712 792 1782 satisfaire
811 1712 861 1783 les
893 1736 995 1805 your,
1016 1736 1061 1783 au
1082 1713 1152 1783 lieu
1173 1736 1239 1805 que
1263 1712 1295 1783 le
1330 1713 1448 1783 dessio
1470 1712 1555 1781 satis-

345 1876 407 1945 fait
432 1874 574 1967 l'esprit.
608 1897 623 1941 r
655 1875 699 1943 Et
730 1874 847 1943 statim
873 1874 968 1943 addit
1002 1897 1009 1942 :
1046 1900 1060 1943 s
1101 1876 1166 1945 Les
1189 1875 1352 1945 tahleaux
1385 1880 1462 1944 sont
1490 1872 1553 1941 faits

347 2059 436 2128 pour
480 2035 588 2127 plaira
622 2041 642 2103 t
678 2033 751 2105 l‘un
784 2039 819 2104 et
850 2042 870 2102 a
898 2035 1031 2105 l'nutre.
1073 2059 1088 2103 s
1127 2037 1246 2127 ltaque
1289 2041 1324 2105 et
1352 2041 1498 2105 mentem
1530 2037 1555 2101 et

347 2197 467 2267 oculos
514 2195 676 2267 delectari
711 2196 819 2288 cupit,
852 2218 892 2266 ea
924 2200 1039 2266 tamen
1078 2197 1153 2289 lege
1194 2203 1234 2267 nt
1268 2221 1365 2268 mens
1405 2196 1549 2289 primum,

348 2358 441 2427 oculi
493 2356 616 2427 deinde
655 2358 828 2429 letentur.
886 2360 983 2427 Mens
1033 2358 1126 2428 enim
1177 2358 1379 2449 longissime
1432 2352 1550 2446 corpori

348 2524 504 2613 praestat;
527 2542 633 2609 quare
653 2517 791 2610 dignior
809 2522 863 2589 est
877 2520 933 2589 cui
951 2520 1103 2611 primum
1123 2523 1212 2589 artes
1233 2519 1457 2589 satistaciant.

393 2679 576 2765 Quomodo
609 2683 724 2749 autem
756 2677 970 2771 voluptatem
991 2680 1036 2749 in
1074 2685 1187 2749 mente
1219 2680 1448 2771 spectantium
1483 2674 1554 2768 peri·

198 2919 207 2930 ⁴
345 2844 501 2914 tissimus
533 2841 678 2933 quisque
715 2840 852 2927 excitet,
898 2841 1018 2931 jame
1061 2864 1167 2932 supra
1200 2840 1301 2910 dictis
1340 2839 1440 2909 facile
1474 2834 1553 2907 intel·

346 3007 485 3099 legitur.
513 3005 601 3072 Nam
638 3002 722 3093 quid
764 3001 871 3070 menti
910 3000 1034 3092 placet,
1071 3001 1138 3070 nisi
1174 3002 1340 3091 gravitas,
1371 3006 1404 3069 et
1442 3000 1552 3079 unitas,

348 3173 382 3238 et
412 3167 539 3238 veritas
567 3185 808 3255 expressarum
845 3162 883 3230 in
924 3162 1051 3232 tabulis
1084 3185 1200 3233 rerum
1231 3165 1256 3257 ‘l
1284 3163 1379 3246 Quas
1415 3162 1553 3240 virtutes,

348 3352 390 3399 ex
422 3323 598 3394 intellectu
633 3328 735 3415 atque
764 3324 896 3392 ratione
916 3323 1105 3414 pendentes
1142 3327 1175 3392 et
1211 3323 1389 3393 hominem
1416 3347 1437 3390 a
1455 3316 1555 3390 hestiis

350 3487 597 3570 discernentes,
639 3484 699 3552 ubi
741 3485 892 3575 primum
935 3484 1115 3571 sentimus,
1154 3506 1352 3555 recreamur
1392 3488 1427 3553 et
1461 3478 1556 3551 refici·

349 3670 429 3717 mur
465 3670 472 3715 ε
509 3668 588 3714 nam
631 3645 734 3716 simul
777 3669 817 3716 ac
860 3650 1010 3715 mentem
1051 3644 1252 3736 plenissime
1293 3646 1402 3734 alunt,
1441 3642 1555 3735 'juvant

350 3814 384 3879 et
429 3808 657 3876 admiratione
702 3807 868 3877 mulcent.
923 3808 1042 3897 ltaque
1084 3806 1250 3897 quoniam
1294 3806 1336 3873 de
1375 3804 1430 3873 his
1463 3805 1555 3873 tribus

349 3971 537 4041 virtutibus
574 3968 678 4038 modo
717 3968 958 4055 disseruimus,
999 3990 1069 4037 non
1098 3970 1151 4037 est
1188 3989 1250 4035 cur
1290 3965 1416 4035 iterum
1451 3964 1557 4053 volup-

350 4132 411 4200 tati
440 4152 482 4199 ex
508 4130 551 4198 iis
580 4129 737 4220 sequenti
775 4128 994 4197 attendamus
1022 4151 1030 4212 ;
1065 4133 1216 4197 ceterum
1248 4150 1320 4195 non
1357 4126 1462 4196 unius
1497 4126 1557 4217 pic-

349 4298 448 4378 turae,
480 4291 538 4360 sed
569 4289 725 4358 omnium
759 4289 886 4357 artium
918 4288 1114 4357 liberalium
1152 4293 1246 4374 sunt,
1281 4311 1358 4377 quae
1386 4288 1430 4356 ad
1457 4308 1556 4379 quam·

347 4454 428 4523 dam
456 4450 581 4520 mentis
602 4449 795 4540 jucundam
829 4448 1014 4516 elationem
1054 4453 1221 4537 spectant.
1264 4449 1341 4517 Jam
1369 4470 1452 4519 vero
1479 4448 1558 4517 adea

348 4632 424 4699 quae
440 4609 612 4698 picturam
632 4608 773 4698 proprie
788 4606 912 4675 decent
923 4605 1092 4675 transibo.
