3275 5167
882 524 1043 589 ..gg-

349 731 549 801 quanquam
563 713 597 779 el
623 710 655 781 J.
672 709 802 779 Recine
822 714 855 779 et
869 708 1066 795 illeeadem
1095 733 1177 781 cura
1201 710 1285 801 quid
1309 710 1346 778 in
1378 708 1553 779 hominibus

348 875 566 963 perpetuum,
584 893 654 939 non
686 870 925 941 transitorium
950 876 983 941 el
1010 872 1185 963 peculiare
1208 872 1253 941 sit
1283 871 1459 963 requirere
1480 870 1553 970 soliti

348 1036 443 1117 sunt,
465 1031 533 1100 hoc
553 1036 669 1101 tamen
687 1032 850 1102 interest:
869 1056 977 1123 quum
991 1032 1173 1103 veritatem
1195 1038 1228 1102 et
1250 1032 1358 1101 vitam
1383 1033 1554 1101 imitaretur

348 1197 462 1283 poeta,
479 1191 522 1261 ad
546 1191 759 1262 reconditam
784 1193 999 1265 nobilitatem
1027 1216 1144 1264 rerum
1169 1193 1387 1285 depictarum
1413 1198 1446 1262 et
1464 1191 1555 1261 decla·

349 1352 539 1422 mationem
563 1353 742 1444 spectabat
764 1353 899 1423 artifex.
926 1355 1046 1445 ltaque
1072 1376 1113 1423 ex
1141 1354 1327 1423 affectuum
1352 1352 1554 1446 expressione

348 1513 450 1582 ambo
470 1513 648 1583 materiem
667 1520 813 1605 operum
834 1513 1034 1583 haurientes
1053 1513 1096 1582 ad
1119 1514 1303 1605 inaequalia
1325 1517 1553 1605 pervenerunt.

394 1670 493 1743 Adde
507 1674 612 1765 quod,
630 1673 919 1767 philosophorum
940 1674 1227 1745 consuetudinem
1250 1674 1390 1743 dicendi
1414 1679 1448 1743 el
1472 1696 1556 1745 cons·

349 1836 471 1904 trictos
499 1834 749 1905 sententiarum
770 1858 947 1905 connexus
966 1840 999 1905 et
1014 1856 1130 1904 rerum
1151 1834 1370 1905 definitiones
1397 1834 1554 1919 affectans,

348 1994 441 2066 idem
455 1995 580 2064 vitium
595 2017 636 2064 ac
655 1994 692 2063 in
708 1994 863 2065 oratione
880 1994 921 2065 de
937 1996 1095 2065 colorum
1119 1995 1320 2082 virtutibus,
1337 1995 1444 2064 etiam
1465 1992 1557 2063 mani·

349 2156 482 2241 lentius,
503 2156 540 2224 in
555 2155 623 2224 hoc
637 2154 754 2224 libello
775 2155 937 2247 praebuit.
961 2155 1108 2243 Etenim,
1126 2156 1199 2247 jam
1228 2179 1300 2225 suae
1325 2156 1411 2225 artis
1433 2155 1554 2235 oblitus,

350 2338 368 2385 e
386 2314 569 2407 principio,
587 2337 683 2385 more
693 2315 934 2406 Theophrasti,
951 2338 1028 2406 quae
1043 2315 1113 2385 sint
1128 2315 1321 2407 cupidines,
1339 2316 1401 2408 qui
1416 2317 1554 2397 affectus,

350 2477 495 2567 requirit
509 2476 571 2567 (l).
596 2477 714 2567 ltaque
733 2475 998 2547 admirationem
1018 2477 1060 2546 de
1089 2500 1158 2569 que
1187 2500 1293 2569 supra
1320 2477 1472 2546 diximus
1494 2476 1556 2544 ani-

352 2635 570 2705 madvertens
589 2636 706 2705 statim
725 2636 779 2705 his
793 2637 908 2706 verbis
928 2640 1023 2727 (mox
1040 2636 1162 2728 figuris
1182 2636 1407 2728 quibusdam)
1433 2635 1553 2706 definit:

353 2796 633 2867 ‹L’admiration
657 2800 709 2866 est
735 2820 804 2867 une
830 2799 982 2889 surprise
1013 2799 1073 2889 qui
1097 2798 1157 2867 fait
1181 2821 1247 2888 que
1264 2799 1365 2867 l’dme
1398 2795 1557 2867 considere

348 2981 432 3029 avec
448 2958 616 3029 attention
630 2958 680 3028 les
695 2958 807 3049 objets
822 2958 882 3049 qui
897 2959 947 3028 lui
968 2960 1136 3029 semblent
1152 2981 1246 3030 rares
1269 2964 1303 3029 et
1324 2954 1557 3029 extraordinai·

350 3142 418 3205 res,
434 3124 468 3189 et
482 3123 569 3189 celte
585 3117 738 3208 surprise
753 3142 774 3187 a
788 3122 863 3187 tant
877 3118 919 3187 de
933 3119 1082 3210 pouvoir
1103 3118 1227 3209 qu’elle
1254 3141 1383 3210 pousse
1412 3118 1558 3209 quelque-

349 3279 414 3349 fois
431 3276 481 3348 les
501 3278 624 3370 esprits
642 3278 766 3348 vorsla
781 3277 849 3349 lieu
866 3286 910 3348 od
926 3283 978 3348 est
992 3278 1223 3370 l’impression
1239 3278 1280 3349 de
1305 3278 1439 3371 l'objet,
1462 3283 1495 3348 et
1513 3276 1560 3344 leit

301 3449 304 3454 ’
351 3440 474 3531 qu‘elle
493 3444 545 3508 est
559 3438 735 3509 tellement
749 3445 900 3531 occupee
915 3446 935 3508 a
951 3440 1146 3510 considerer
1167 3444 1253 3509 cette
1268 3440 1477 3530 impression
1492 3434 1560 3529 qu'il

351 3622 394 3668 ne
412 3604 501 3668 reste
517 3600 596 3691 plus
611 3600 770 3691 d'esprits
786 3601 846 3691 qui
865 3607 1007 3692 passent
1024 3600 1109 3670 dans
1129 3600 1179 3670 les
1195 3598 1358 3688 muscleS,
1377 3623 1416 3671 ce
1434 3601 1492 3691 qui
1512 3596 1560 3665 fait

349 4111 370 4165 a
383 4109 416 4165 la
429 4108 546 4165 lecture
558 4116 590 4165 et
604 4110 624 4164 a
636 4108 668 4164 la
682 4107 849 4165 recherche
861 4106 919 4165 des
934 4108 1046 4166 choses
1061 4110 1220 4167 curicuses
1232 4110 1424 4184 historiques
1438 4109 1491 4184 qui
1503 4110 1558 4165 sont

350 4208 555 4266 entierement
566 4206 733 4265 audessus
749 4206 789 4263 de
801 4223 839 4264 sa
852 4209 1011 4281 lauressa,
1027 4226 1062 4265 ce
1070 4208 1144 4283 qu’il
1154 4212 1325 4283 atoujours
1337 4210 1482 4283 pratique
1494 4208 1558 4263 dans

349 4307 381 4363 la
396 4307 477 4363 suite
493 4313 524 4362 et
537 4306 681 4362 continue
696 4306 753 4362 des
769 4322 827 4362 son
841 4306 900 4362 bas
916 4311 985 4379 age,
1001 4315 1032 4363 et
1046 4308 1100 4381 qui
1114 4308 1158 4364 lui
1168 4325 1187 4364 a
1197 4308 1253 4363 fait
1268 4308 1411 4381 aequerir
1423 4326 1465 4364 un
1477 4300 1558 4379 grand

349 4405 424 4462 fond
448 4405 488 4462 de
507 4403 628 4460 science
643 4412 674 4461 et
688 4404 728 4460 de
741 4403 974 4460 raisonnement
988 4405 1042 4477 qui
1057 4405 1100 4461 lui
1112 4422 1132 4461 a
1147 4406 1196 4462 e'te
1212 4406 1239 4463 si
1251 4406 1343 4464 facile
1356 4415 1386 4463 et
1401 4406 1501 4462 nise.»

405 4530 453 4601 (1)
470 4551 483 4583 a
499 4529 522 4584 ll
536 4545 575 4583 ne
590 4545 663 4584 sera
676 4545 737 4601 pas
758 4528 835 4582 hors
859 4528 899 4583 de
920 4545 1036 4606 propos
1055 4530 1095 4586 de
1116 4530 1183 4587 dire
1206 4531 1341 4604 quelque
1363 4533 1457 4587 chose
1480 4529 1515 4584 de
1535 4526 1558 4579 la

350 4634 463 4681 nature
475 4624 533 4680 des
546 4625 695 4695 passione
710 4641 789 4695 pour
804 4624 851 4678 les
866 4624 972 4679 mieux
986 4632 1146 4683 connaltre
1160 4637 1256 4683 avant
1269 4645 1330 4701 que
1352 4630 1391 4685 de
1414 4629 1513 4701 parler
1530 4622 1559 4677 de

350 4723 435 4777 leurs
443 4727 658 4775 mouvements
668 4719 852 4775 exterieurs.
868 4737 886 4773 n
