3275 5167
583 532 755 583 ...vn-

58 707 93 769 et
126 723 173 772 ea
216 726 298 789 aaa
337 708 581 792 disceptantes
613 710 777 791 artifices
819 709 1059 791 incomposite
1102 707 1286 773 diocesani

58 854 240 916 aocarate
277 851 505 919 retaternnt.
552 852 639 925 Qnis
669 856 795 919 antem
823 854 938 920 nescit
976 852 1056 920 neec
1088 853 1287 918 sententia—

58 990 147 1057 nnm
179 996 405 1061 commercia
431 997 770 1080 siqnificantissime
798 995 994 1060 hominnm
1018 996 1162 1061 animos
1199 994 1288 1059 ned-

57 1133 180 1200 dere?
228 1134 408 1205 Canotnm
462 1140 510 1204 Le
556 1138 678 1220 Bran,
730 1156 846 1221 qnam
889 1136 1030 1203 Gaittet
1069 1137 1114 1202 de
1157 1135 1284 1204 Saint-

58 1277 218 1363 Geonyes
245 1283 280 1345 et
311 1282 470 1347 Testelin
496 1282 766 1349 contentionem
793 1281 838 1346 de
862 1281 1013 1348 camelis
1045 1298 1132 1363 qnos
1160 1282 1284 1348 omisit
1320 1248 1324 1257 Ι

56 1419 237 1488 Nicotaiis
262 1422 419 1489 Poassin
448 1424 489 1488 in
518 1423 647 1490 tabnia
679 1422 723 1489 de
754 1423 918 1490 Rebecca
951 1426 987 1488 et
1014 1421 1166 1487 Etieeen
1199 1440 1290 1488 nar-

55 1568 159 1647 rant,
191 1566 331 1633 centias
381 1569 417 1632 et
457 1568 584 1631 nerins
618 1567 868 1649 coynoscimns
914 1583 1027 1647 qaam
1067 1567 1100 1631 si
1153 1566 1291 1650 leyece-

56 1726 139 1773 mns
182 1709 322 1775 mattas
363 1709 479 1775 elatas
521 1712 556 1775 et
597 1710 748 1793 inflatas
788 1710 987 1774 orationes.
1016 1709 1158 1791 Itaque,
1194 1728 1281 1792 qno-

56 1851 176 1934 niam,
217 1852 514 1934 qnotiescnmqne
558 1851 717 1917 Testelin
773 1854 808 1917 et
857 1851 1026 1917 Fetibicn
1078 1853 1287 1918 orationem

57 1994 264 2076 qnamdam
293 1996 334 2059 in
366 1994 570 2062 Academia
611 1994 780 2059 habitam
809 1994 1038 2077 retulerant,
1055 1994 1280 2077 cotioqaiam

57 2116 253 2220 artificnm
280 2137 555 2221 adjunxerant,
572 2136 951 2202 animadvertendam
970 2140 1021 2202 est
1036 2136 1127 2219 qnid
1153 2134 1286 2201 Caroto

56 2280 104 2344 Le
117 2280 232 2344 Bran
261 2279 505 2345 tribnendnm
532 2280 581 2345 sit
611 2275 670 2367 (l).
689 2279 854 2345 Tandem
869 2280 1153 2345 meminerimns
1169 2277 1282 2345 Clan-

58 2422 167 2488 diam
194 2422 352 2487 Nioeton
385 2421 570 2506 qaoddam
602 2443 617 2486 <(
648 2423 926 2488 raisonncment
954 2421 998 2486 de
1023 2422 1075 2489 M.
1099 2423 1149 2486 Le
1171 2422 1282 2490 Bran

55 2580 122 2626 san
143 2561 179 2626 ie
194 2562 436 2627 naoissement
454 2561 499 2626 dc
518 2562 619 2626 saint
644 2561 745 2626 Pani
760 2558 808 2647 (2)
827 2581 858 2641 r,
884 2565 920 2627 et
937 2560 1076 2627 Gaiitet
1104 2560 1149 2626 de
1168 2559 1280 2626 Saint

59 2702 215 2787 dearces
226 2705 366 2785 passim
390 2703 612 2771 docnmenta
631 2703 676 2769 de
689 2705 881 2770 sententiis
901 2704 946 2771 ab
966 2704 1034 2771 noc
1045 2706 1193 2788 pictore
1208 2704 1281 2770 dis-

55 2847 199 2928 pntatis
214 2847 417 2929 rettqntsse.
437 2846 489 2912 Hi
506 2851 593 2913 sant
605 2849 725 2931 fontes
747 2848 852 2915 canii
870 2865 918 2912 ea
941 2848 1074 2929 onitas
1107 2847 1276 2931 discipti-

57 3007 146 3055 nam
166 2987 294 3055 Cacoii
307 2990 356 3056 Le
370 2990 481 3055 Bran
501 2990 663 3055 hancine
677 2993 713 3055 et
732 3007 920 3073 reparare
949 2990 1190 3055 tentabimus.

99 3132 186 3197 Non
218 3136 343 3198 tamen
371 3133 589 3215 necabimus
613 3149 810 3215 perpauca
836 3149 875 3196 eo
904 3130 1011 3196 modo
1036 3131 1190 3199 collecta
1211 3150 1285 3197 esse

59 3294 138 3357 qnae
164 3276 378 3358 practaras
397 3276 542 3358 antifca
558 3275 704 3341 diaconii
722 3278 758 3340 ct
789 3276 956 3340 senserit.
979 3275 1094 3341 Hand
1126 3275 1284 3341 dnbinm

59 3422 109 3485 est
131 3421 225 3502 qnin
252 3420 450 3502 saepissime
479 3420 520 3483 in
543 3416 747 3486 Academia
774 3420 1037 3501 contentiones,
1053 3421 1279 3487 sententiam

58 3580 164 3628 snam
215 3578 412 3643 canonens,
444 3562 711 3628 terminaverit
738 3558 804 3648 (3);
838 3579 956 3643 qnare
988 3560 1190 3627 dolendam
1222 3567 1273 3628 cst

103 4168 145 4237 (1)
182 4165 372 4240 Quanquam
400 4166 536 4225 Testelin
571 4176 602 4225 et
626 4168 765 4225 Felibien
801 4169 985 4244 plerumque
1016 4186 1133 4227 ¹nomen
1179 4170 1285 4244 dispu-

61 4258 194 4321 tantium
225 4270 340 4335 tacent,
362 4265 438 4338 quid
472 4265 605 4323 Carolus
634 4266 676 4323 Lo
707 4267 790 4322 Brun
816 4267 931 4324 dixerit
951 4268 1045 4325 facile
1078 4284 1231 4342 agnosces
1256 4269 1284 4325 si

60 4361 142 4419 dicta
175 4362 318 4420 conserus
344 4380 415 4419 cum
441 4363 481 4419 iis
502 4380 572 4437 quae
598 4364 828 4422 illustrissimus
849 4367 898 4422 vir
913 4366 983 4439 ipso
1013 4383 1123 4423 revera
1138 4367 1277 4440 scripsit.

105 4488 155 4560 (a)
174 4486 229 4544 Vie
242 4487 280 4543 de
296 4487 351 4544 Ch.
364 4488 407 4544 Le
419 4488 518 4557 Bran,
535 4506 568 4561 p.
587 4488 650 4561 924.

103 4610 150 4685 (3)
165 4611 235 4668 «M.
254 4614 295 4669 Le
308 4613 402 4680 Brun,
416 4614 616 4670 modirateur
639 4623 670 4671 et
695 4615 811 4671 arbitro
826 4615 866 4671 do
881 4632 934 4671 ces
958 4624 1108 4672 savantes
1123 4616 1277 4689 disputes,

60 4726 78 4765 a
98 4711 242 4782 toujours
262 4710 328 4783 pris
350 4712 421 4767 soin
434 4710 505 4768 d'en
519 4711 631 4768 bannir
644 4711 677 4769 la
692 4712 830 4781 chicaue,
844 4712 1021 4769 l'obscuritt
1041 4720 1072 4768 et
1098 4712 1243 4785 l'aigreur
1253 4733 1279 4769 t.
