3275 5167
856 468 1045 529 ..14-

340 650 511 722 dederunt
534 652 594 743 (ll.
616 652 686 721 lsta
700 651 871 743 colloquia
886 653 1009 723 edictis
1027 676 1049 721 a
1066 650 1205 721 Colbert
1219 651 1389 743 probatis,
1412 654 1560 738 utsupra

338 812 503 899 diximus,
530 814 876 884 commendabantur.
902 815 1066 883 Attamen
1090 817 1169 884 aute
1193 835 1325 882 annum
1347 810 1559 894 Mucuxu,

340 998 401 1045 sen
436 974 575 1045 Colbert
605 976 676 1044 otio
717 980 850 1045 careret
889 980 930 1045 ut
956 975 1153 1043 Academiae
1190 996 1245 1043 res
1282 973 1487 1064 inspiceret,
1511 992 1561 1037 seu

341 1158 469 1227 parum
511 1136 626 1207 adhuc
665 1136 871 1205 intellexerit
910 1158 950 1204 ea
999 1157 1162 1225 magnam
1209 1134 1395 1203 utilitatem
1440 1134 1562 1202 artibus

345 1296 494 1367 allatura
533 1318 619 1381 esse,
655 1295 824 1388 languent
859 1300 894 1365 et
928 1296 1117 1382 sepissime
1155 1295 1400 1387 negleguntur.
1456 1298 1563 1385 ltaque

345 1456 438 1528 haud
467 1458 612 1527 mirarer
643 1458 674 1525 si
709 1456 774 1525 hac
803 1462 904 1525 artata
939 1455 1084 1527 Carolus
1118 1457 1165 1525 Le
1194 1458 1303 1541 Brun,
1334 1479 1440 1548 quem
1471 1454 1565 1525 collo

346 1616 510 1709 quiorum
551 1618 721 1687 fautorem
756 1617 863 1687 luisse
893 1617 1035 1703 scimus,
1060 1618 1302 1709 potentissimo
1326 1618 1432 1709 Regis
1456 1617 1565 1687 Minis-

345 1784 399 1847 tro
433 1778 695 1869 persuasionem
734 1778 872 1847 lecisset
900 1782 935 1846 et
962 1777 1153 1869 discipulos
1189 1782 1224 1846 et
1255 1778 1349 1869 ipsos
1387 1779 1565 1869 magistros

347 1938 402 2009 his
425 1938 577 2009 desuetis
603 1936 785 2029 colloquiis
804 1938 973 2029 prolicere
1001 1958 1113 2029 posse.
1140 1938 1244 2020 Quod
1268 1962 1340 2007 non
1363 1938 1422 2009 hic
1447 1944 1566 2008 temere
1618 1920 1620 2052 1

348 2103 579 2185 asseveratur,
629 2120 737 2189 quum
779 2098 863 2167 satis
906 2102 1042 2167 constet
1084 2096 1360 2168 illustrissimum
1406 2100 1567 2191 pictorem
1619 2084 1621 2232 1

348 2258 555 2350 plerumque
601 2257 840 2349 impetravisse
886 2281 964 2347 quae
1012 2282 1034 2325 a
1078 2256 1220 2328 Colbert
1263 2259 1421 2351 petiisset
1453 2266 1489 2329 et
1526 2258 1568 2327 illi
1620 2246 1622 2400 p

346 2418 498 2489 suasisse
558 2418 667 2489 multa
720 2440 797 2509 qun
847 2422 968 2509 postea
1013 2418 1232 2489 efficerentur
1281 2420 1343 2512 (2).
1391 2422 1513 2511 ltaque
1553 2442 1568 2487 e
1620 2410 1623 2562 1

351 2602 366 2648 c
404 2578 705 2649 Procas-verbani
735 2604 752 2642 n
800 2583 903 2669 atque
950 2600 992 2647 ex
1031 2580 1187 2649 oratione
1233 2580 1387 2671 quadam
1432 2580 1569 2651 llenrici

352 2736 503 2809 Testelin
541 2738 588 2829 (3)
629 2738 874 2829 cognoscimus
913 2737 1087 2829 colloquia
1129 2740 1315 2832 aliquoties
1352 2742 1474 2811 habita
1505 2763 1571 2811 esse
1622 2781 1623 2846 3

401 3344 446 3415 (1)
461 3342 509 3400 Cl.
525 3340 795 3399 Preces-verbaux
810 3355 818 3395 :
834 3338 878 3395 du
891 3338 922 3395 ae
934 3341 1008 3412 jour
1020 3338 1061 3394 de
1074 3338 1229 3410 1111111664.
1241 3370 1277 3383 -
1290 3342 1309 3397 5
1320 3343 1450 3400 octobre
1464 3346 1543 3415 1664.

400 3468 443 3538 (a)
471 3468 555 3525 Inter
579 3464 716 3537 plurima
743 3464 813 3535 ejus
839 3462 886 3518 rei
910 3462 1097 3519 documenta
1121 3464 1181 3519 hoc
1200 3464 1378 3521 inauditum
1406 3484 1543 3542 excerpo
1567 3485 1573 3521 :

350 3586 364 3617 ι
397 3564 493 3620 Rome
521 3566 623 3619 meme
650 3561 704 3634 qui
731 3559 885 3617 renlerme
911 3560 941 3615 le
967 3575 1041 3615 nom
1065 3567 1097 3615 et
1123 3560 1171 3616 les
1198 3562 1330 3619 cendres
1355 3564 1396 3620 dc
1416 3573 1487 3622 tant
1514 3567 1575 3622 d’il·

351 3662 466 3719 lustres
494 3660 606 3734 qu’elle
629 3678 650 3716 a
676 3662 783 3732 portes
812 3674 848 3715 se
874 3665 997 3713 ressent
1022 3658 1239 3729 pareillement
1274 3661 1332 3717 des
1360 3662 1513 3721 bicnfaits
1538 3666 1577 3721 dn

350 3760 410 3817 Roi
432 3776 491 3833 par
519 3760 565 3815 les
593 3758 686 3814 utiles
714 3757 784 3813 aris
810 3772 874 3829 que
899 3755 943 3811 M.
971 3755 1016 3811 Le
1035 3754 1121 3811 Brun
1144 3773 1185 3812 en
1212 3757 1317 3814 donna
1344 3762 1366 3814 a
1386 3761 1430 3817 M.
1452 3762 1577 3820 Colbert

351 3875 432 3931 pour
458 3858 569 3915 attircr
592 3873 632 3913 en
659 3856 795 3929 quelque
815 3853 956 3909 muniere
982 3852 1109 3909 l’amitie
1143 3854 1201 3911 des
1226 3856 1378 3913 Romains
1405 3876 1446 3916 en
1472 3862 1578 3919 savem

348 3957 389 4013 de
423 3957 455 4011 la
476 3958 626 4029 jeunesse
653 3953 810 4024 irancaise
836 3950 891 4023 (dc
916 3950 1091 4007 Academia
1116 3951 1279 4009 Gallorum
1299 3954 1409 4013 Romae
1435 3958 1578 4015 instituta

349 4054 467 4128 agitur)
476 4053 598 4113 Claude
622 4052 764 4109 Nivelon.
791 4049 849 4105 Vic
869 4048 910 4104 de
937 4048 995 4105 Ch.
1022 4048 1066 4105 Le
1092 4048 1188 4118 Brun,
1202 4069 1234 4123 p.
1252 4051 1314 4108 152.

401 4180 443 4251 (3)
475 4178 521 4237 ct
547 4176 839 4234 Processerbaux:
864 4190 881 4245 7
908 4178 983 4229 aodt
1006 4172 1085 4229 1666.
1101 4205 1135 4215 -
1151 4173 1363 4248 4septembre
1387 4180 1578 4240 1666-01,

347 4278 389 4335 Η.
412 4277 549 4335 Testelin
576 4275 814 4347 (Sentiments...
834 4272 868 4326 in
892 4270 1100 4343 praelatione),
1124 4273 1190 4345 qui,
1205 4290 1310 4331 coram
1334 4275 1465 4335 colbert
1484 4282 1580 4338 verba

351 4376 483 4445 tacienS,
505 4375 552 4431 sic
579 4372 619 4429 de
644 4370 840 4428 orationibus
865 4384 948 4423 anno
971 4367 1041 4422 1666
1062 4368 1180 4425 habitis
1203 4370 1339 4443 loquitur
1364 4392 1373 4429 t
1396 4394 1419 4431 α
1444 4375 1580 4433 Monsci-

351 4492 459 4548 gnenr,
486 4470 677 4529 l'Academic
705 4486 740 4524 se
771 4473 889 4537 voyant
915 4464 996 4519 dans
1027 4464 1057 4521 le
1083 4465 1184 4522 calme
1208 4484 1270 4539 que
1301 4469 1397 4527 Votre
1417 4472 1580 4531 Grandem

348 4572 394 4627 lui
418 4589 439 4628 a
466 4570 597 4645 procuret
623 4584 663 4624 cn
688 4564 901 4622 affermissant
924 4577 983 4616 son
1007 4561 1244 4619 dtablissement
1277 4574 1310 4622 et
1345 4568 1505 4642 dissipant
1536 4574 1580 4628 les

351 4668 512 4726 obstacles
539 4668 633 4741 qn'on
665 4682 686 4736 y
718 4662 807 4719 avait
841 4660 937 4717 voulu
967 4674 1114 4732 opposer,
1150 4660 1210 4717 elle
1243 4664 1340 4736 jngea
1371 4683 1414 4723 ne
1449 4672 1580 4741 pouvoir
