3275 5167
1196 2154 1702 2227 CONCLUSIO

299 2617 470 2701 Quae
536 2641 752 2708 quum
826 2619 924 2687 ita
978 2620 1141 2703 sint,
1218 2642 1359 2689 non
1435 2620 1734 2690 dubitari
1810 2626 2038 2713 potest
2110 2621 2280 2711 quin
2371 2621 2659 2690 Carolus

209 2779 307 2847 Le
337 2777 532 2846 Brun
583 2777 665 2847 de
718 2779 983 2847 artibus
1025 2778 1369 2849 disserens
1436 2802 1621 2869 saepe
1669 2786 1736 2849 et
1781 2782 1981 2850 valde
2029 2781 2415 2872 peccaverit
2483 2807 2491 2847 :
2551 2783 2658 2847 *rix

209 2962 431 3009 unum
471 2937 583 3012 vel
648 2939 942 3009 alterum
1006 2940 1241 3009 locum
1299 2940 1371 3008 in
1411 2941 1842 3010 orationibus
1898 2942 2048 3032 ejus
2087 2941 2407 3012 laudares
2455 2967 2651 3031 qua-11]

204 3122 396 3169 nunc
449 3100 761 3190 legerent
802 3105 871 3169 et
915 3103 1269 3169 servarent
1325 3100 1647 3191 pictoreS.
1710 3103 1886 3170 Nam
1946 3074 2110 3171 satis
2157 3106 2427 3171 constat
2471 3127 2651 3183 uum,

205 3282 603 3350 quanquam
659 3260 1166 3351 pulcherrimas
1212 3258 1485 3329 tabulas
1517 3261 1826 3351 perfecit,
1868 3265 1934 3328 et
1964 3261 2047 3330 de
2084 3260 2368 3329 diversis
2427 3287 2655 3347 aulna-

201 3421 377 3490 lium
416 3420 713 3512 ingeniis
774 3443 947 3511 quos
1004 3421 1087 3490 ad
1138 3421 1362 3511 regias
1419 3420 1601 3489 aedes
1661 3421 2008 3490 ornandas
2066 3422 2419 3491 arcessivit
2479 3435 2655 3491 Γιψιε]

195 3579 514 3670 judicare
562 3580 851 3667 solebat,
904 3580 1246 3650 subtiliter
1303 3580 1609 3671 quidem,
1673 3582 1792 3651 sed
1849 3580 2023 3650 falso
2079 3582 2655 3651 demonstran-israe.

201 3763 356 3831 quae
431 3741 518 3810 sit
583 3740 1057 3831 pulchritud0‚
1139 3740 1305 3831 quid
1387 3740 1829 3828 imitandum,
1900 3742 2066 3832 quid
2129 3742 2515 3827 vitandum}
2591 3755 2643 3811 u!

201 3906 382 3969 artes
440 3902 514 3969 in
576 3899 776 3991 pejus
844 3900 1313 3971 inclinavisse.
1373 3901 1557 3984 Quin
1596 3902 1810 3971 immo
1861 3906 2116 3972 temere
2170 3906 2237 3970 et
2282 3902 2651 3971 insat-111⁴..2r

199 4060 523 4151 frequens
587 4060 649 4131 ei
720 4083 945 4131 sermo
1004 4062 1135 4130 fuit
1198 4083 1213 4129 ε
1287 4082 1448 4130 nam
1505 4062 1828 4131 scientias
1889 4084 2097 4152 quam
2155 4062 2647 4131 dissimillimam

199 4222 490 4313 picturae
556 4221 884 4311 quoniam
962 4245 1233 4313 semper
1304 4222 1671 4309 affectavit,
1748 4245 1909 4292 vere
1983 4223 2120 4292 dici
2194 4229 2419 4327 potest
2499 4251 2651 4291 mim

199 4405 354 4472 quae
420 4381 768 4450 nesciebat
843 4382 1173 4473 attigisse.
1246 4385 1483 4473 Itaque
1551 4381 1917 4472 dupliciter
1993 4356 2270 4471 erravit,
2331 4387 2445 4473 qui
2519 4411 2651 4471 μμ

196 4547 429 4611 turam
458 4541 682 4632 ipsam
723 4564 765 4608 a
804 4562 969 4610 vera
1009 4542 1123 4610 via
1160 4542 1532 4626 deflexerit,
1595 4546 1662 4610 et
1694 4541 1967 4630 cujuvis
2015 4564 2383 4632 personam
2423 4547 2647 4635 [mnus

205 4724 418 4793 quam
457 4701 740 4792 pictoris
774 4723 955 4791 saepe
984 4703 1222 4791 egerit.
