3275 5167
784 427 983 518 .-Π-

293 645 450 711 miuime
468 662 492 711 a
504 644 664 711 ueritate
679 642 963 727 abhorreamus,
981 648 1088 711 tauta
1105 645 1236 728 pratia
1252 642 1527 711 beueooieutia

293 804 362 869 que
383 790 435 853 est
456 786 723 869 circumdatus,
741 805 857 869 auum
871 791 956 873 jam
975 788 1193 871 priucipem
1217 786 1338 854 iocum
1361 788 1403 852 iu
1423 787 1526 854 Aea-

293 928 418 995 demia
432 929 628 1011 obtineret,
645 932 687 995 ut
702 946 827 995 omues
844 928 1105 1013 iuteiiepereut
1131 926 1279 994 Catteri
1297 928 1455 994 ooiuisse
1475 929 1526 993 iis

292 1090 374 1155 quae
394 1071 443 1137 ad
457 1075 557 1138 artes
579 1074 790 1154 speeiareui
809 1071 920 1137 iilum
942 1088 1089 1154 semper
1103 1075 1138 1138 et
1153 1071 1289 1155 ubique
1300 1070 1521 1153 prouidere.

290 1215 420 1297 Itaque
440 1215 471 1279 is
490 1215 629 1281 rectius
643 1213 688 1278 de
712 1213 888 1297 operibus
904 1213 940 1279 X
942 1213 1044 1279 VII⁰¹⁰
1062 1214 1196 1281 soeeuio
1216 1214 1356 1298 effoetis
1370 1213 1524 1281 aeutius

290 1356 423 1421 seuiiet
438 1357 503 1439 qui
517 1354 758 1438 disciplinam
772 1373 886 1438 auam
898 1352 1055 1421 Carolus
1065 1357 1115 1421 Le
1128 1356 1239 1422 Bruu
1248 1354 1524 1424 eommemiaoit

292 1500 517 1582 eopuooerit.
539 1496 691 1565 Etouim
711 1498 757 1566 ab
774 1516 848 1563 uuo
869 1497 1062 1575 diseeutur
1081 1516 1217 1565 omues.

338 1640 442 1713 Quod
464 1642 497 1707 si
529 1642 610 1724 quis
644 1642 878 1708 eouteuderit
911 1642 1017 1707 iilius
1043 1641 1159 1710 uerba
1195 1643 1401 1708 uetustiora
1433 1661 1520 1725 esse,

293 1784 399 1869 quasi
418 1802 441 1850 a
460 1785 639 1851 Lomazao
664 1785 723 1851 oei
746 1803 770 1852 a
787 1782 927 1852 Frtart
950 1783 995 1850 de
1014 1782 1243 1870 Chambrap,
1268 1785 1328 1851 oei
1350 1805 1374 1852 a
1399 1787 1525 1853 Frau-

292 1928 385 1995 eiseo
406 1926 533 2009 tuum,
553 1926 612 1992 oei
639 1946 663 1993 a
686 1924 819 1993 Garolo
842 1927 1067 2014 Dusresuop,
1087 1927 1145 1993 oei
1169 1945 1193 1993 a
1212 1927 1366 1994 Mariua
1388 1927 1523 1995 Cureeo

292 2068 337 2133 de
353 2068 390 2133 ia
404 2064 602 2149 chambre,
619 2068 677 2134 oei
709 2069 825 2135 etiam
839 2069 885 2135 ab
919 2070 996 2151 ipso
1010 2068 1165 2135 Nioaiao
1188 2068 1345 2134 Poussiu
1373 2072 1525 2152 sumpta

291 2215 418 2295 esseut,
447 2210 657 2294 fatebimur
684 2212 834 2294 quidem
862 2212 963 2279 iiuue
995 2212 1294 2277 illustrissimum
1320 2214 1520 2295 piatorem,

291 2325 355 2424 seu
378 2355 492 2423 libros
514 2355 670 2424 iliorum
688 2356 919 2437 scriptorum
940 2354 1086 2438 teperti,
1105 2373 1169 2420 seu
1186 2356 1314 2438 potius
1334 2355 1480 2422 tradita
1498 2374 1524 2421 a

291 2500 446 2568 Niooiao
471 2501 629 2567 Poussiu
657 2500 859 2581 ceterisque
884 2499 1072 2565 Italorum
1102 2498 1317 2582 fautoribus
1350 2500 1524 2565 mamma

291 2645 533 2711 ueueratioue
581 2643 786 2725 eueeperit,
829 2659 974 2725 parum
1031 2659 1055 2707 a
1096 2642 1277 2723 priorum
1328 2643 1524 2707 seuteutiis

293 2788 482 2871 deperiisse
512 2783 580 2876 (1),·
611 2784 674 2851 sed
709 2787 746 2850 et
776 2786 854 2867 ipse
879 2783 1051 2866 quaedam
1085 2784 1262 2851 iuaudita
1293 2783 1453 2867 addidit,
1485 2788 1523 2851 et

292 2946 519 3014 mapuopere
572 2929 693 3013 refert
746 2924 959 2993 Aeactemioe
1001 2924 1227 3009 decumam,
1270 2944 1383 3009 quam
1425 2944 1523 2991 uuus

294 3074 490 3156 oppressit,
511 3072 701 3139 euueieate
723 3068 938 3146 iliustrari;
968 3068 1093 3149 itaque
1115 3067 1165 3134 aei
1185 3068 1283 3136 iiauo
1301 3067 1523 3134 similitudi-

293 3232 379 3281 uem
395 3216 636 3299 iupeuiorum
652 3212 890 3296 respicientes
908 3228 983 3275 uou
1000 3209 1045 3275 ab
1062 3210 1207 3293 iuoepto
1223 3210 1443 3278 destitimus.

341 3355 498 3425 Caroius
519 3357 569 3420 Le
587 3355 697 3419 Bruu
722 3354 873 3419 uutium
894 3352 939 3417 de
958 3354 1116 3435 pictura
1142 3351 1285 3419 tibrum
1305 3352 1520 3435 composuit,

295 3501 370 3565 uisi
387 3499 479 3565 oeiis
497 3498 706 3564 oratiouem
724 3498 765 3561 iu
790 3494 995 3564 Academia
1010 3498 1133 3561 aetam
1152 3494 1197 3560 ete
1216 3497 1420 3579 affectuum
1435 3496 1524 3559 imi-

296 3643 436 3709 tatioue
465 3638 622 3727 (Galliae
649 3660 660 3704 .·
689 3658 703 3702 «
737 3637 790 3703 De
817 3634 1057 3720 i'eupressiou
1080 3635 1142 3702 des
1160 3638 1327 3721 passiam
1356 3633 1387 3725 i)
1414 3640 1524 3721 atque

296 3802 393 3851 auuo
408 3779 581 3850 MDCIIG
595 3782 748 3861 editam,
768 3781 911 3847 tibrum
929 3779 1075 3846 haberi.
1097 3780 1146 3846 At
1165 3780 1226 3845 iiii
1246 3781 1287 3845 iu
1306 3781 1432 3845 auimo
1446 3781 1525 3863 fuit

294 3928 517 3993 seutentiam
539 3943 646 3992 suam
672 3924 717 3991 de
734 3923 923 4010 prapiiiae
948 3926 984 3990 et
1010 3923 1133 3990 eoiore
1157 3922 1385 4006 amplissime
1410 3940 1524 4005 eupo-

346 4557 394 4632 (1)
409 4558 455 4616 cf.
476 4558 522 4616 Do
541 4558 601 4615 hac
619 4557 793 4633 quaestione
812 4556 1060 4613 eruditissimum
1080 4557 1194 4614 librum
1209 4578 1224 4611 ι
1239 4556 1279 4615 de
1294 4556 1382 4615 C.·A.
1397 4554 1526 4615 Dufres·

291 4671 355 4729 noy
369 4656 498 4730 pictoris
510 4664 655 4729 poemate
669 4673 686 4711 u
700 4655 895 4728 inscriptum,
910 4654 988 4711 Paul
998 4655 1087 4727 Viisy
1101 4662 1230 4713 auctore
1244 4654 1291 4729 (p.
1303 4653 1437 4729 31·sqq).
