3275 5167
1745 509 2060 558 —1v—

677 700 905 761 raffau
957 682 1404 764 efficiuntur
1460 684 1817 750 certiores
1869 685 2132 767 fimus,·
2173 686 2447 767 itaque,
2495 686 2853 767 quoniam
2897 704 3154 753 unam

681 823 935 887 [uu-nli
1016 825 1116 888 Le
1187 825 1407 888 Brun
1473 825 1953 909 disciplinam
2020 828 2577 910 persequimur,
2658 846 2806 911 pro
2886 830 3151 894 nihilo

681 969 879 1030 „nstris
916 966 1276 1032 habendae
1304 972 1502 1034 sunt.

769 1108 1033 1173 ,tf-ullus
1069 1126 1246 1193 erqo
1295 1113 1398 1174 est
1441 1115 1607 1195 fons
1663 1130 1758 1177 eoo
1814 1131 1952 1196 quo
2022 1113 2184 1180 hoec
2237 1114 2569 1180 oriunda
2629 1118 2755 1196 est,
2812 1117 2971 1181 nisi
3051 1134 3151 1181 ecc

673 1251 1137 1321 mationibus
1182 1274 1362 1339 quas
1401 1258 1792 1341 aliquoties
1850 1259 1932 1322 in
1979 1256 2386 1324 Academia
2422 1259 2596 1341 e9it,
2643 1275 2874 1340 quum
2922 1260 3151 1324 inter

669 1399 993 1477 fm‘ifices
1044 1402 1544 1467 dissereretur
1591 1400 1682 1465 de
1724 1402 1964 1465 variis
2010 1400 2153 1464 viis
2198 1399 2493 1482 aliquid
2513 1400 2846 1467 „creandi
2885 1402 3147 1466 mira-

669 1545 865 1605 tione.
904 1542 1218 1628 d-iynum
1258 1548 1392 1611 aut
1441 1544 1531 1609 de
1581 1544 1993 1610 virtutibus
2029 1544 2498 1609 eocimiarum
2549 1543 2996 1610 tabularum
3052 1546 3142 1609 in

665 1685 1148 1762 μ-ωτῑσοίὴεοα
1202 1688 1422 1771 Reqis
1484 1688 2029 1769 eoepositarum.
2079 1686 2271 1757 Quas
2335 1688 2400 1751 si
2468 1704 2547 1752 eo
2601 1687 2911 1786 facilius
2950 1689 3144 1771 .le9i

669 1833 972 1905 ,austures
1009 1847 1147 1911 quo
1180 1832 1581 1912 pauciores
1621 1831 1772 1895 sint
1806 1827 2001 1917 (duce
2040 1833 2292 1895 autem
2332 1830 2414 1893 in
2464 1829 2657 1895 libro
2690 1848 2737 1895 a
2771 1829 3129 1896 Felibien

665 1973 941 2053 mepta
974 1974 1458 2040 contineretur
1493 1970 1610 2060 (1),
1656 1991 1814 2038 una
1840 1997 1872 2035 α
1908 1971 1997 2038 de
2036 1968 2518 2055 l'eoepression
2560 1972 2682 2038 des
2715 1975 3061 2055 passions
3098 1996 3131 2037 n

669 2117 1032 2197 fwa‘cfvi‘pta
1047 2116 1251 2192 edita
1278 2119 1381 2180 est
1411 2112 1552 2202 (2),
1591 2115 1867 2180 ducein
1890 2115 2421 2199 chiroyraphis
2447 2112 2933 2184 Bibliothecae
2974 2140 3004 2181 «
3034 2117 3132 2182 de

669 2257 709 2315 ,τ’
729 2257 938 2325 tz'eole
970 2257 1092 2322 des
1120 2256 1593 2324 Beaucc-Arts
1627 2278 1655 2319 »
1681 2260 2088 2322 servantur
2103 2253 2235 2343 (3),
2264 2259 2415 2322 tota
2433 2258 2559 2322 via
2574 2275 2916 2324 errares:
2946 2278 3136 2325 nam

669 2401 797 2457 vsa?-
845 2400 1024 2482 quid
1061 2400 1150 2464 de
1181 2401 1474 2466 artibus
1495 2401 1808 2465 senserit
1838 2398 2152 2465 Carolus
2189 2401 2289 2464 Le
2325 2400 2544 2464 Brun
2584 2418 2679 2465 ea‘
2725 2401 2970 2467 tribus
3012 2404 3154 2469 his

665 2543 1130 2609 mationibus
1176 2545 1661 2626 manifestum
1699 2544 1820 2624 sit,
1873 2544 2178 2608 minimi
2210 2543 2672 2610 aestimandce
2708 2549 2882 2611 sunt
2952 2546 3131 2613 duce

665 2705 845 2765 qur-ts
884 2686 1123 2752 edidit
1163 2686 1544 2765 Felibien;
1592 2688 1871 2752 etenim
1932 2704 2053 2751 eas
2098 2689 2169 2752 et
2230 2687 2375 2769 ipsi
2424 2690 2764 2755 auctores
2819 2706 3131 2772 respue—

673 2833 857 2893 rma-t
889 2826 1003 2916 (4)
1047 2832 1119 2895 et
1154 2830 1289 2894 vico
1328 2830 1411 2895 in
1469 2829 1562 2894 iis
1607 2830 2071 2913 aynoscimus
2122 2828 2316 2911 quod
2365 2829 2742 2899 Henricus
2800 2832 3130 2898 Tcstelin

668 2971 994 3045 ,sffs'effiter
1032 2974 1113 3038 in
1170 2973 1364 3038 libro
1413 2995 1444 3033 «
1491 2970 1944 3037 Sentiments
1992 2971 2113 3037 des
2151 2972 2327 3053 plus
2382 2972 2666 3039 habiles
2709 2975 3056 3055 peintres
3094 2997 3123 3038 »

777 3637 861 3709 [131⁴
883 3636 1290 3693 Conferences
1315 3633 1393 3691 de
1422 3635 1802 3692 l’Academie
1829 3634 2107 3708 pendant
2133 3638 2375 3694 l’annee
2406 3637 2563 3711 1667.

773 3765 853 3833 ω)
882 3760 1078 3818 Annis
1106 3761 1264 3833 1698,
1310 3777 1466 3833 1702,
1503 3778 1634 3834 1727
1691 3761 1790 3817 hic
1817 3762 2064 3819 libellus
2094 3761 2299 3819 editus
2329 3772 2450 3820 est.

777 3889 867 3957 [3)
919 3886 1013 3944 Cf.
1067 3886 1339 3942 Iudicem
1381 3886 1936 3959 chirographorum
1976 3904 1990 3941 ε
2048 3887 2126 3941 N0
2175 3886 2297 3957 133,
2343 3895 2409 3943 n⁰
2462 3889 2581 3959 140.
2637 3889 2746 3945 Hae
2802 3890 3127 3946 orationes

673 3985 979 4057 {meriptae
1008 4002 1021 4041 ε
1058 4006 1084 4037 <1
1117 3984 1496 4040 Conference
1526 4001 1631 4039 sur
1662 3984 1718 4040 le
1747 3983 2186 4041 Ravissement
2228 3984 2307 4042 de
2332 3987 2500 4042 saint
2527 3987 2683 4043 Paul
2709 4005 2745 4041 »
2769 3995 2830 4043 et
2862 4009 2888 4039 α
2922 3986 3126 4045 Senti-

673 4093 865 4137 sne-sits
910 4099 1016 4138 sur
1059 4083 1117 4138 le
1171 4080 1456 4138 discours
1505 4082 1588 4137 du
1637 4082 1853 4138 me'rite
1884 4083 1961 4138 de
2013 4084 2076 4138 la
2119 4084 2370 4139 couleur
2397 4102 2514 4156 par
2543 4086 2626 4141 Μ.
2678 4086 3029 4141 Blanchard
3063 4107 3118 4156 »,

669 4181 938 4234 nmulum
993 4180 1176 4236 editoe
1229 4187 1397 4235 sunt.
1443 4212 1508 4220 —
1556 4180 1832 4236 Libellus
1892 4200 1918 4231 (ι
1971 4179 2051 4235 de
2101 4181 2511 4252 l’expression
2559 4180 2673 4238 des
2726 4183 3023 4239 Passions
3083 4204 3111 4235 »

669 4281 998 4350 irfflzriptus
1025 4278 1089 4332 in
1116 4277 1530 4350 chirographo
1550 4285 1616 4333 n⁰
1647 4278 1748 4333 116
1776 4277 2061 4350 ejusdem
2090 4278 2490 4335 Bibliothecae
2521 4281 2885 4336 continetur.

772 4405 849 4473 HJ.)
878 4403 1044 4458 Infra
1071 4402 1468 4457 narrabimus
1499 4402 1728 4474 quibus
1776 4403 2048 4475 querelis
2101 4404 2463 4460 Academici
2499 4404 2754 4462 Colbert
2799 4408 3110 4478 prosecuti

669 4505 781 4553 εἰμι
841 4501 1007 4573 quod
1057 4500 1333 4557 Felibien
1380 4516 1596 4556 eorum
1646 4501 1844 4555 verba
1886 4508 1948 4555 et
1996 4502 2341 4557 sententias
2370 4502 2754 4573 corrupisset
2784 4512 2844 4559 et
2893 4504 3108 4560 inanes

665 4601 978 4653 ÷.===‚-·==iones
1044 4598 1502 4671 composuisset
1565 4597 1685 4667 (Cf.
1753 4598 2289 4654 Proces-verbaux
2353 4599 2433 4656 de
2496 4600 2878 4656 l’Academie
2940 4619 2953 4657 :
3016 4602 3108 4657 Du

669 4705 757 4749 :w-
789 4697 928 4765 juur
959 4696 1044 4752 du
1072 4688 1234 4752 moss
1262 4697 1342 4753 de
1364 4697 1492 4753 mai
1515 4697 1671 4754 1668.
1705 4728 1772 4737 —-
1802 4695 1901 4751 Du
1922 4712 1994 4750 20
2022 4696 2180 4750 avril
2211 4695 2389 4767 1669).
