3275 5167
869 472 1049 539 400..

348 668 424 732 tout
452 686 496 731 au
526 662 606 753 plus
634 660 676 727 ils
709 659 850 728 doivent
877 664 948 729 ttre
984 658 1182 728 consideres
1221 680 1358 727 comme
1394 680 1464 727 une
1492 658 1567 726 alle-

348 824 444 915 gorie
472 822 556 891 tirde
598 822 640 890 de
686 822 852 911 quelques
882 842 1044 911 passages
1063 820 1109 889 du
1132 820 1242 888 Vieux
1258 820 1487 888 Testamenta
1509 819 1564 909 (l).

389 983 572 1073 Perpaucm
609 980 748 1071 quidem
784 984 866 1049 sunt
902 979 1153 1071 disputationes
1182 977 1391 1061 Academias,
1427 1001 1447 1044 a
1482 977 1568 1046 Feli-

347 1143 425 1211 bien
453 1141 507 1211 vel
538 1165 558 1208 a
586 1140 717 1210 Guillet
749 1139 792 1208 de
831 1139 1098 1230 saint-Georges
1134 1138 1189 1207 vel
1227 1161 1246 1205 a
1284 1137 1434 1207 Testelin
1465 1138 1567 1206 tradi-

344 1306 400 1387 tae,
432 1324 452 1369 a
488 1301 613 1390 quibus
643 1299 785 1368 omnino
819 1304 1003 1369 arceantur
1051 1300 1290 1368 contentiones
1332 1298 1490 1387 quaedam
1526 1297 1565 1365 de

344 1460 569 1531 similitudine
601 1460 825 1529 historiarum
860 1482 899 1528 ac
928 1481 1044 1528 rerum
1077 1458 1113 1525 in
1156 1458 1283 1526 tabulis
1316 1478 1563 1547 expressarum.

342 1624 420 1691 lam
454 1621 538 1689 satis
564 1620 639 1707 erit,
678 1621 707 1689 si
743 1620 1003 1689 meminerimus
1050 1640 1114 1687 nos
1158 1641 1265 1707 supra
1318 1618 1362 1709 (2)
1408 1616 1563 1687 retulisse

340 1782 608 1873 disputationem
637 1783 679 1849 de
707 1781 821 1851 verbis
856 1780 1042 1870 Scripturae
1071 1782 1183 1847 ortam
1216 1802 1237 1846 a
1265 1780 1390 1869 quibus
1425 1780 1564 1869 paulum

344 1941 550 2010 discesserat
581 1941 747 2011 Nicotaus
787 1940 935 2009 Poussin
968 1938 1107 2015 Judaeos
1140 1938 1271 2007 victum
1300 1939 1335 2006 in
1383 1937 1564 2007 solitudine

341 2102 548 2192 accipientes
587 2100 746 2187 reddens,
780 2101 836 2169 vel
860 2101 902 2169 de
936 2099 1106 2168 miraculo
1150 2120 1219 2189 quo
1255 2098 1415 2167 Christus
1457 2121 1563 2166 caeoos

339 2262 427 2331 duos
460 2261 606 2330 sanavit.
637 2262 676 2329 ln
706 2261 772 2329 hac
812 2259 952 2351 quidem
981 2258 1111 2343 tabula,
1142 2257 1321 2326 fatendum
1369 2262 1423 2326 est
1461 2258 1562 2327 Caro-

340 2422 413 2491 lum
443 2423 489 2492 Le
517 2423 612 2491 Brun
643 2421 698 2490 vel
736 2421 892 2511 quemvis
923 2420 1029 2489 alium
1068 2419 1127 2508 qui
1177 2417 1448 2508 disputationem
1490 2442 1564 2486 sus-

342 2581 432 2670 cepit
461 2582 520 2672 (3),
546 2580 697 2650 voluisse
722 2581 890 2671 pictorem
921 2577 1099 2669 scriptoris
1125 2576 1241 2646 officio
1272 2579 1416 2646 omnino
1445 2578 1559 2668 fungi:

341 2763 421 2808 nam
460 2763 501 2810 ex
534 2742 610 2831 ipso
657 2742 816 2811 locorum
863 2740 1030 2831 adspectu
1077 2738 1153 2808 vult
1200 2739 1460 2829 Capharnaum,
1496 2762 1562 2807 non

390 3358 433 3430 (1)
446 3356 562 3415 Guillet
576 3355 615 3413 de
631 3354 883 3429 SaintGeorges,
903 3371 957 3427 op.
983 3362 1014 3411 et
1034 3354 1096 3411 loc.
1126 3354 1279 3412 laudatis.
1313 3386 1347 3397 -
1371 3356 1410 3413 H.
1431 3354 1562 3413 Testelin

338 3458 483 3516 eamdem
496 3455 742 3529 disputationem
755 3455 788 3510 in
802 3454 943 3511 oratione
973 3475 986 3506 α
1002 3454 1048 3510 De
1068 3453 1277 3526 l’expression
1291 3454 1438 3529 generale
1453 3463 1484 3511 et
1496 3472 1562 3527 par-

337 3554 478 3611 ticuliere
494 3574 508 3605 a
523 3553 675 3625 inscripta
689 3553 837 3620 reterens,
853 3552 949 3609 etiam
961 3551 1145 3625 ampliorem
1159 3552 1198 3609 de
1218 3553 1326 3609 verbis
1349 3554 1453 3611 Sacrae
1469 3552 1563 3623 Scrip

336 3659 417 3708 tures
445 3650 698 3707 dissertationem
721 3651 822 3707 luisse
844 3657 1000 3707 testatur:
1029 3650 1110 3707 «En
1125 3658 1174 3707 cet
1201 3650 1324 3707 endroit
1351 3670 1394 3708 un
1424 3659 1562 3708 amateur

338 3750 440 3805 moins
454 3749 545 3807 verse
558 3749 638 3805 dans
652 3748 801 3805 l’histoire
816 3749 919 3805 sainte
929 3765 990 3821 que
1005 3748 1085 3805 dans
1099 3749 1131 3804 la
1145 3750 1289 3822 profane,
1305 3750 1412 3806 voulut
1427 3749 1562 3806 seutenir

338 3855 418 3903 cette
430 3864 533 3916 erens,
548 3847 654 3902 disant
675 3847 768 3921 qu'en
787 3846 859 3903 effet
873 3847 902 3903 16
914 3847 1003 3903 boeul
1013 3854 1045 3904 et
1057 3846 1137 3903 l'dne
1156 3846 1272 3903 etaient
1286 3847 1484 3904 essenticlsa
1502 3848 1562 3902 l’iu·

339 3945 501 4001 carnation
512 3944 552 4001 de
565 3944 660 4001 Notre
678 3945 828 4019 Seigneur
842 3963 853 4014 ,¹
872 3945 953 4000 mais
968 3961 1008 4000 on
1022 3943 1066 4001 lui
1085 3945 1120 4000 tlt
1133 3950 1292 4002 connaltre
1307 3946 1382 4019 qu'il
1398 3961 1432 4002 se
1446 3946 1562 4017 mepre

337 4044 404 4098 nait
418 4051 524 4116 etque
538 4060 597 4117 pas
611 4060 654 4098 un
668 4042 725 4099 des
749 4042 965 4115 Evangelistcs
991 4043 1061 4099 n'en
1082 4043 1191 4099 l'aisait
1211 4044 1360 4114 mention,
1381 4060 1441 4118 que
1460 4042 1563 4099 c’etait

337 4157 398 4197 une
412 4140 561 4198 tradition
576 4147 663 4197 entre
677 4142 723 4198 les
735 4140 874 4213 peintres
888 4140 1078 4213 legerement
1092 4141 1237 4215 appuyde
1260 4158 1314 4197 sur
1334 4142 1367 4198 la
1392 4142 1511 4214 pensee
1526 4140 1563 4195 de

337 4239 470 4313 quelque
485 4239 623 4296 scrivain
635 4239 688 4313 qui
703 4239 792 4296 avait
805 4239 870 4295 mel
884 4237 1019 4297 entendu
1043 4247 1074 4296 et
1101 4238 1165 4295 mal
1193 4238 1342 4312 applique
1367 4239 1397 4296 le
1426 4252 1563 4312 passage

336 4337 459 4407 d'lsale,
473 4337 533 4397 Ch.
548 4339 594 4395 1...
615 4354 633 4392 ))

388 4463 430 4533 (a)
448 4462 495 4519 ef.
512 4480 584 4535 cap.
600 4461 658 4518 let
671 4461 726 4517 IV.

388 4584 430 4654 (3)
443 4586 562 4641 Nomen
574 4583 782 4656 disputatoris
797 4584 904 4639 omisit
918 4584 1228 4658 Felibien(septieme
1242 4586 1445 4658 conference).
1462 4586 1567 4658 Supra

338 4680 405 4734 dixi
419 4697 472 4735 cur
487 4681 631 4752 suspicer
645 4680 792 4736 Carolum
811 4681 853 4736 Le
868 4680 950 4736 Brun
964 4680 1004 4737 de
1019 4698 1057 4737 ea
1067 4700 1101 4739 re
1112 4684 1340 4763 disputavisse.
