3275 5167
885 467 1044 531 ..38-

348 673 388 719 ea
433 674 510 740 quae
562 673 667 740 supra
707 649 890 720 retulimus
935 652 1115 742 respicias,
1166 651 1249 741 quid
1301 650 1473 736 utilitatis
1519 652 1565 721 vel

344 811 459 902 potius
488 811 570 902 quid
601 813 762 880 vanitatis
795 813 850 881 vel
889 813 1014 881 erroris
1058 811 1239 903 discipulis
1278 814 1440 882 afferrent
1481 814 1565 881 haud

347 994 438 1061 aegre
471 972 589 1040 sentis
634 973 703 1040 Has
736 973 830 1040 enim
849 972 1014 1064 pingendi
1044 994 1185 1040 normas
1223 995 1311 1062 quas
1344 972 1565 1061 peritissimus

348 1132 494 1222 quisque
522 1131 588 1199 sibi
618 1132 742 1201 indicit
790 1132 966 1222 quomodo
1009 1132 1124 1201 verbis
1173 1132 1495 1222 constringerentur
1539 1136 1567 1200 et

348 1292 605 1377 cohiberentur,
635 1293 828 1383 praesertim
859 1315 967 1383 quum
987 1292 1249 1391 diversissimae
1280 1292 1350 1359 sint
1387 1295 1420 1359 et
1444 1314 1498 1360 res
1531 1292 1566 1358 ab

348 1451 538 1520 artificibus
579 1451 758 1543 descriptae
806 1458 840 1522 et
883 1453 1056 1522 artificum
1099 1456 1231 1521 mentes
1279 1475 1364 1542 quas
1409 1453 1567 1541 exprimat

349 1636 437 1703 opus
468 1615 484 1681 l
528 1612 703 1695 Quoniam
746 1614 990 1682 auctoritatem
1038 1637 1101 1704 pro
1157 1612 1313 1682 libertate
1365 1614 1401 1680 in
1444 1611 1566 1680 artibus

347 1796 491 1864 regnare
520 1773 632 1841 voluit
659 1772 808 1857 Colbert,
846 1774 1052 1842 heneficium
1081 1773 1173 1864 quod
1201 1796 1218 1841 e
1249 1772 1432 1863 colloquiis
1460 1771 1561 1861 accipi

348 1937 465 2024 posset
492 1932 646 2001 omnimo
680 1932 855 2023 perditum
890 1939 954 2003 est.

393 2093 529 2183 Aliquis
568 2093 714 2161 tortasse
759 2094 945 2163 contendet
985 2093 1170 2185 praeclaros
1216 2094 1363 2162 artifices
1409 2096 1568 2197 praecepta

347 2276 482 2344 semper
510 2254 669 2323 derisisse
703 2258 737 2323 et
772 2255 834 2322 uni
863 2256 965 2344 genio
995 2277 1059 2324 suo
1097 2253 1294 2341 indulsisse,
1320 2257 1359 2321 ut
1389 2259 1452 2323 nec
1480 2253 1565 2320 truo-

346 2419 423 2482 turn
451 2436 516 2482 nec
543 2414 804 2483 incommodum
853 2438 872 2481 a
909 2414 1090 2505 colloquiis
1126 2419 1159 2482 et
1192 2414 1383 2505 praeceptis
1425 2413 1568 2502 accipere

346 2579 499 2665 possent.
534 2575 581 2642 At
620 2575 745 2665 pictor,
790 2598 990 2666 quanquam
1032 2575 1188 2644 tabulam
1232 2596 1445 2663 componens
1487 2592 1568 2661 saepe

349 2733 531 2800 immemor
572 2734 626 2802 vel
664 2734 770 2801 etiam
811 2739 1030 2826 contemptor
1061 2739 1110 2803 est
1143 2735 1259 2824 legum
1299 2756 1385 2823 quas
1427 2729 1570 2821 magistri

348 2914 428 2960 eum
459 2894 542 2962 olim
575 2894 775 2980 docuerant,
815 2898 921 2963 restat
961 2898 1076 2963 tamen
1105 2899 1144 2962 ut
1186 2891 1405 2981 disciplinam
1443 2892 1563 2959 invitus

352 3076 493 3123 servans
534 3078 602 3145 qua
634 3055 843 3123 informatus
868 3055 924 3139 sit,
954 3054 1056 3122 aliam
1084 3076 1155 3122 rem
1195 3056 1343 3144 turpem,
1367 3052 1469 3121 aliam
1501 3049 1572 3140 pul-

352 3214 471 3282 chram
501 3237 575 3282 esse
608 3215 813 3283 existimate
847 3220 963 3283 vetere
996 3214 1247 3283 consuetudine
1280 3213 1408 3303 prioris
1447 3211 1569 3280 aetatis.

354 3374 529 3465 Praecepta
566 3374 703 3463 singula
740 3376 767 3441 si
798 3375 983 3465 separatim
1013 3375 1287 3443 consideraveris
1319 3374 1508 3464 languent;
1541 3370 1571 3437 in

344 3561 460 3607 ‚unum
488 3541 619 3630 coacta,
666 3537 857 3624 praesertirn
897 3538 926 3605 si
977 3537 1081 3605 tacite
1128 3542 1160 3605 et
1204 3537 1339 3605 occulte
1384 3558 1506 3603 manus
1545 3534 1573 3598 et

351 3698 487 3766 animos
521 3701 702 3788 occupent,
736 3696 854 3765 velent
885 3702 919 3765 et
951 3696 1080 3787 vigent.
1118 3698 1285 3765 Ceterum
1312 3696 1477 3787 quoniam
1509 3713 1572 3759 non

352 3858 395 3926 ad
415 3880 530 3942 usum,
562 3857 621 3926 sed
651 3857 694 3925 ad
735 3862 898 3925 aeternam
932 3856 1202 3946 pulchritudinis
1237 3856 1479 3924 condicionem
1504 3872 1574 3943 per-

350 4021 472 4101 tinent,
510 4018 644 4087 facilius
672 4019 714 4086 ab
764 4018 958 4087 artificibus
994 4018 1109 4087 miuus
1145 4017 1376 4107 philosophiae
1420 4012 1573 4084 studiosis

352 4177 593 4246 admittuntur.
643 4177 762 4267 ltaque
803 4200 928 4246 omnes
965 4176 1084 4246 eadem
1116 4180 1226 4261 atate,
1262 4176 1290 4243 si
1324 4174 1418 4265 leges
1453 4171 1574 4243 Acade-

351 4337 420 4405 mia
453 4337 610 4427 quaedam
642 4336 741 4421 terat,
774 4337 868 4404 idem
905 4341 1172 4427 persequuntur,
1198 4336 1354 4425 quamvis
1384 4336 1426 4403 ad
1465 4331 1573 4402 humi-

353 4500 403 4567 les
434 4520 487 4565 res
519 4496 588 4581 alii,
626 4495 669 4563 ad
699 4496 906 4565 illustriores
939 4495 1183 4586 exprimendas
1215 4495 1272 4563 alii
1312 4496 1462 4585 aptiores
1502 4493 1571 4559 sint,

353 4648 576 4718 Manifestum
590 4669 672 4715 vero
700 4653 751 4714 est
772 4646 968 4739 plerosque,
989 4652 1120 4716 naturae
1135 4670 1206 4715 suae
1222 4651 1469 4741 repugnantes,
1495 4664 1574 4713 erra-
