3275 5167
859 431 1044 492 ..18-

343 621 376 684 et
410 615 457 683 Le
490 615 585 683 Brun
619 613 739 682 ambos
780 636 854 683 rem
887 613 1021 705 jamdiu
1059 612 1248 703 paravisse,
1286 610 1342 680 vel
1384 610 1489 678 etiam
1533 608 1570 675 ad

343 776 548 845 sententiam
577 774 693 843 Caroli
723 774 770 843 Le
804 776 899 844 Brun
931 774 1071 843 Colhert
1098 776 1219 863 sponte
1252 795 1317 839 sua
1343 771 1460 839 ivisse.

386 938 437 1007 Ex
478 960 548 1029 quo
602 936 658 1006 die
711 937 971 1006 illustrissimus
1009 937 1120 1027 pictor
1171 934 1299 1003 tabulae
1341 958 1362 1001 a
1400 932 1570 1023 Raphaele

343 1099 468 1167 Sanzio
500 1097 601 1188 pictre
629 1096 774 1165 virtutes
819 1096 991 1187 exposuit,
1026 1117 1106 1164 vere
1135 1094 1205 1161 dici
1233 1098 1347 1184 potest
1380 1090 1565 1183 colloquio-

341 1280 418 1327 rum
441 1258 587 1326 formam
619 1256 662 1325 ad
696 1262 901 1347 perpetuum
925 1256 1148 1324 constitutam
1176 1277 1250 1323 esse
1285 1278 1292 1323 :
1322 1276 1400 1344 quae
1427 1254 1570 1343 posthac

340 1417 460 1485 eadem
495 1415 698 1499 manebunt,
738 1420 778 1483 ut
809 1436 931 1483 eorum
960 1413 1142 1481 historiam
1169 1434 1241 1480 non
1276 1412 1416 1500 longius
1453 1433 1568 1500 perse-

340 1580 400 1669 qui
435 1576 599 1668 prodesse
638 1576 809 1647 videatur.
855 1574 924 1647 Sed
964 1598 1035 1643 non
1074 1580 1126 1643 est
1164 1574 1315 1643 alienum
1354 1572 1568 1641 considerare

340 1760 445 1829 quam
481 1738 684 1821 sollertiam,
702 1744 742 1807 ut
767 1735 810 1805 ad
843 1736 975 1805 felicem
1003 1740 1165 1805 eventum
1186 1735 1418 1825 pervenerint,
1435 1733 1570 1801 Colhert

340 1898 550 1983 adhibuerit,
591 1920 686 1967 nunc
721 1898 893 1965 artificum
928 1895 1085 1987 querelas
1121 1898 1284 1987 probam,
1325 1918 1418 1964 nunc
1451 1917 1568 1963 eorum

338 2059 514 2150 pigritiem
543 2059 727 2147 castigans.

385 2219 462 2289 Duo
500 2218 594 2287 enim
629 2240 729 2287 casus
758 2220 948 2287 evenerunt
975 2217 1012 2285 in
1037 2216 1163 2307 quibus
1189 2216 1420 2305 integritatem
1443 2216 1567 2285 exerci-

343 2380 516 2448 tationum
536 2376 741 2447 servandam
772 2378 919 2446 curavit.
955 2376 1032 2445 lam
1056 2399 1162 2467 supra
1190 2377 1391 2445 dictumest
1419 2377 1567 2446 Felihien

341 2564 361 2608 a
410 2538 548 2607 Colhert
591 2538 747 2609 officium
793 2542 828 2607 et
877 2538 1019 2607 titulum
1059 2538 1331 2629 historiographi
1374 2536 1567 2606 Academiae

339 2700 512 2790 accepisse
548 2704 586 2769 ut
627 2699 800 2790 colloquia
851 2686 1029 2787 colligeret
1069 2705 1102 2766 et
1143 2697 1347 2767 illustraret.
1393 2699 1567 2779 Quatenus

339 2861 482 2931 Carolus
519 2863 567 2930 Le
617 2862 712 2929 Brun
759 2860 866 2950 hujus
912 2860 1090 2929 electionis
1132 2860 1304 2950 particeps
1350 2860 1454 2928 luerit
1499 2881 1566 2925 non

338 3025 451 3113 potest
479 3020 612 3113 adspici
642 3042 750 3111 quum
783 3020 974 3089 Henricum
1002 3019 1152 3087 Testelin
1188 3020 1403 3088 familiariter
1440 3019 1567 3088 hahue-

335 3183 405 3265 rit;
441 3182 587 3250 tortasse
621 3187 737 3250 autem
776 3181 885 3250 istum
916 3179 1066 3249 Testelin
1095 3179 1178 3249 huic
1212 3182 1350 3250 muneri
1373 3180 1567 3249 inferiorem

337 3364 412 3409 esse
458 3339 637 3423 intellexit,
680 3343 713 3406 et
769 3340 859 3407 clam
903 3338 1160 3407 commendavit
1202 3338 1354 3407 Felibien
1411 3340 1568 3407 Ministro

342 3502 458 3592 Regis.
496 3499 671 3590 Quidquid
722 3499 757 3567 id
797 3504 861 3585 est,
893 3500 1046 3590 primum
1086 3497 1129 3566 ab
1173 3499 1392 3568 Academicis
1424 3499 1568 3590 henigne

339 3665 503 3750 exceptus
544 3660 590 3751 (l)
636 3658 942 3750 historiographus
983 3683 1065 3729 mox
1103 3661 1170 3728 sibi
1204 3660 1331 3728 multas
1371 3661 1569 3729 inimicitias

393 4033 438 4104 (1)
454 4034 526 4088 «Du
539 4045 585 4088 120
599 4032 769 4088 novembre
784 4032 862 4104 1667.
882 4032 927 4091 Ce
939 4034 1013 4106 jour
1031 4033 1117 4089 d’hui
1136 4034 1327 4093 l‘Aeauemie
1348 4037 1436 4092 etant
1455 4053 1572 4093 assem

341 4130 422 4200 blec,
439 4148 492 4187 sur
508 4148 543 4187 cc
558 4131 670 4203 qu’elle
691 4146 711 4185 a
730 4146 769 4186 eu
792 4130 862 4186 avis
885 4146 947 4205 que
970 4132 1105 4204 quelque
1130 4132 1312 4204 particulier
1337 4135 1494 4191 assistant
1509 4150 1573 4190 aux

304 4235 308 4242 '
340 4230 541 4287 conferences
567 4231 607 4288 de
628 4229 818 4287 lncademie
843 4246 863 4284 a
888 4230 1016 4286 dessein
1042 4229 1112 4285 d’en
1139 4231 1219 4287 faire
1246 4232 1304 4289 des
1336 4232 1482 4288 discours
1502 4250 1574 4306 par-

339 4330 526 4386 ticuliers...
559 4328 617 4385 elle
651 4345 671 4383 a
701 4326 802 4383 arrete
831 4327 987 4400 qu’aucun
1023 4327 1145 4384 desdits
1172 4329 1323 4386 Recteurs
1358 4346 1398 4386 ne
1432 4330 1575 4388 donnera

340 4446 393 4485 ses
422 4428 588 4484 memoires
614 4429 634 4481 a
661 4425 800 4481 d’autrcs
826 4441 1000 4496 personnes
1021 4442 1100 4497 pour
1124 4431 1190 4483 etre
1212 4427 1376 4501 divulgues
1390 4429 1576 4502 qu’auxdits

341 4528 443 4583 sieurs
461 4525 600 4581 Fetihien
614 4530 646 4579 et
658 4522 838 4590 secretam,
851 4523 1129 4579 contormdmeute
1154 4526 1327 4583 l’intention
1346 4525 1389 4582 du
1412 4526 1474 4584 Roi
1489 4537 1522 4585 et
1538 4529 1578 4584 de

342 4623 564 4695 Monseigneur
578 4620 705 4677 Colbert
717 4636 748 4673 u.
