3275 5167
862 460 1022 525 ..76-

329 643 473 712 couleur
487 666 576 734 pour
590 644 622 713 le
636 644 720 713 faire
738 668 769 712 a.
790 644 886 713 Talia
919 646 1045 737 legenti
1078 646 1217 715 difficile
1250 650 1303 715 est
1327 646 1495 716 Carolum
1516 648 1565 716 Le

329 803 436 887 Brun,
454 805 484 872 si
507 804 549 875 de
564 810 636 874 arte
655 829 718 873 sua
737 806 824 874 forte
839 804 1013 897 loquatur,
1035 809 1221 899 suspicere.
1248 808 1338 876 Nam
1367 808 1563 899 praeclarus

328 963 439 1054 pictor
484 988 681 1057 quanquam
712 967 860 1037 aliorum
898 968 974 1060 ejus
1007 968 1118 1037 aetatis
1146 968 1317 1037 artificum
1351 968 1563 1037 sententiam

328 1125 496 1215 sequitur,
518 1125 594 1216 quis
610 1126 692 1195 talia
704 1129 849 1198 audieus
866 1129 974 1198 risum
988 1104 1103 1199 teneat
1118 1129 1133 1196 l

372 1285 410 1356 Si
439 1286 516 1377 quis
538 1292 655 1357 tamen
679 1293 793 1379 partes
815 1288 910 1358 illius
944 1294 1072 1375 teneat,
1106 1295 1208 1380 atque
1241 1289 1356 1375 illum,
1382 1288 1561 1356 fautorem

326 1445 518 1538 graphidis,
536 1448 722 1517 contendat
737 1449 1009 1520 exorationibus
1025 1474 1111 1542 quas
1127 1451 1168 1519 de
1188 1450 1355 1541 graphide
1370 1451 1442 1540 egit
1456 1449 1563 1518 aesti-

326 1607 492 1677 mandum
514 1630 587 1678 esse
612 1610 852 1700 potiusquam
879 1634 920 1679 ex
942 1609 1073 1702 aliquot
1096 1610 1138 1679 de
1165 1610 1279 1680 colore
1305 1609 1432 1695 verbis,
1461 1633 1560 1679 nuno

324 1767 629 1859 intuebimurquid
645 1769 687 1838 de
703 1770 871 1861 graphide
887 1770 1075 1861 scripserit.

373 2161 419 2230 Ut
444 2159 481 2228 in
500 2160 628 2230 tabulis
651 2160 766 2230 Caroli
790 2164 837 2233 le
859 2164 955 2233 Brun
982 2162 1151 2253 elegantia
1174 2162 1333 2252 quaedam
1366 2161 1558 2231 lineamen-

328 2325 445 2390 torum
460 2326 494 2391 et
508 2322 626 2391 omnia
646 2322 862 2393 describendi
877 2322 1023 2391 lacilitas
1037 2322 1127 2390 inter
1142 2320 1225 2389 vitia
1236 2321 1385 2404 elucent,
1398 2322 1445 2389 ita
1455 2322 1494 2387 in
1513 2321 1557 2388 iis

327 2503 404 2572 quae
424 2482 465 2550 da
480 2482 647 2573 graphide
664 2483 827 2552 disseruit
845 2481 1013 2551 nonnulla
1028 2482 1178 2572 (etiamsi
1198 2503 1287 2572 saepe
1310 2481 1401 2550 dicta
1419 2481 1555 2572 vitupe-

325 2642 435 2711 randa
449 2642 553 2733 sunt)
571 2642 721 2733 aliquam
741 2642 879 2713 laudem
897 2648 1086 2713 merentur.
1108 2643 1197 2712 Nam
1213 2665 1348 2733 semper
1363 2642 1555 2733 discipulos

325 2804 484 2873 hortatus
512 2808 564 2872 est
588 2809 626 2872 ut
654 2808 813 2873 naturam
840 2810 1088 2894 sequerentur:
1120 2806 1241 2895 quidni
1263 2803 1412 2889 fecisset,
1441 2825 1553 2893 quum

325 2966 412 3057 ipse,
442 2962 639 3033 Academiae
668 2964 705 3031 in
733 2964 853 3055 primis
876 2969 1009 3052 auctor,
1043 2964 1201 3033 voluerat
1229 2964 1267 3031 in
1296 2986 1336 3032 ea
1361 2964 1402 3032 ad
1432 2964 1553 3033 vivum

325 3126 491 3197 delineari
510 3128 525 3193 t
544 3125 630 3209 Quae
650 3124 877 3211 consuetudo,
902 3147 922 3193 a
945 3124 1090 3194 Nicolao
1110 3124 1259 3193 Poussin
1280 3146 1384 3214 quem
1408 3123 1553 3192 Carolus

326 3289 374 3358 Le
410 3288 508 3356 Brun
549 3288 778 3356 venerabatur
819 3286 1073 3371 commendata,
1113 3286 1243 3354 multos
1283 3284 1473 3376 discipulos
1517 3286 1552 3353 in

325 3447 482 3517 scholam
496 3444 786 3515 Academicorum
801 3445 1002 3515 adduxerat.
1020 3447 1153 3536 ltaque,
1164 3468 1224 3514 seu
1235 3445 1434 3515 tabularum
1448 3446 1551 3536 Regis

323 3608 469 3676 virtutes
489 3606 704 3675 demonstrat
722 3606 872 3699 inclytus
893 3607 1028 3692 artifex,
1054 3628 1114 3676 seu
1134 3606 1176 3674 de
1194 3606 1339 3696 picturae
1359 3629 1426 3675 usu
1447 3607 1551 3674 verba

326 3746 420 3854 lacit,
442 3789 580 3836 necesse
595 3788 669 3835 esse
685 3766 874 3859 discipulos
894 3772 1054 3859 naturam
1075 3766 1203 3835 imitari
1223 3770 1370 3834 testatur
1389 3767 1450 3857 (l).
1475 3767 1549 3855 lpse

375 4343 426 4412 (1).
447 4339 495 4397 cf.
513 4340 661 4397 Felibien.
676 4340 832 4396 Premiere
854 4338 1056 4394 conference:
1078 4335 1233 4391 «Ensuite
1251 4334 1292 4390 da
1310 4334 1343 4390 la
1361 4335 1549 4408 disposition

322 4442 345 4497 il
358 4442 496 4497 observa
509 4438 538 4495 le
549 4439 657 4495 dessin
670 4438 709 4494 de
723 4454 776 4494 ces
790 4438 907 4509 ligures
922 4435 1002 4491 dans
1017 4443 1121 4491 toules
1135 4434 1218 4490 leurs
1233 4433 1352 4505 parties
1373 4450 1381 4489 :
1398 4433 1438 4489 de
1450 4434 1548 4507 quelle

323 4546 407 4593 sorte
420 4537 564 4609 Raphael
576 4553 597 4591 a
614 4536 669 4591 fini
682 4535 852 4608 jusqu’aux
864 4531 1022 4588 moindres
1036 4532 1160 4600 choses,
1175 4532 1254 4586 mais
1270 4538 1396 4586 surtout
1410 4531 1548 4587 combien

322 4635 344 4689 il
363 4651 384 4689 a
402 4634 451 4688 ete
468 4640 587 4690 correct
603 4631 684 4687 dans
702 4631 732 4686 le
751 4629 870 4697 dessin,
889 4645 925 4685 ce
943 4630 998 4701 qui
1017 4645 1051 4685 se
1070 4630 1137 4685 voit
1155 4627 1460 4685 merveilleusement
1478 4630 1549 4685 bien
