3275 5167
1212 450 1573 513 —103—

155 635 673 725 exprimendos,
738 635 941 717 Quod
988 635 1174 704 haud
1214 657 1394 726 aegre
1433 634 1818 703 refelletur:
1857 635 2081 723 primo
2125 656 2265 701 non
2307 655 2387 701 ex
2417 634 2603 701 simi-

152 795 454 864 litudine
501 796 902 865 animalium
960 796 1365 887 plerumque
1418 796 1699 886 ingenia
1751 794 2113 864 hominum
2154 818 2603 886 auguramur,

153 957 273 1023 sed
306 980 345 1025 e
390 957 689 1047 quadam
738 959 963 1047 specie
1023 957 1385 1026 oculorum
1426 961 1492 1024 et
1535 956 1675 1024 oris
1730 979 1883 1045 quae
1933 955 2302 1024 difficulter
2341 956 2607 1024 definiri

152 1122 437 1206 potest:
477 1118 800 1207 deinceps
864 1118 921 1185 si
976 1140 1012 1185 e
1070 1117 1488 1207 scriptorum
1543 1116 1773 1184 verbis
1825 1116 2057 1205 potius
2097 1138 2307 1205 quam
2345 1138 2428 1183 ex
2472 1139 2611 1184 una

153 1281 432 1347 naturae
496 1279 876 1353 imitatione
934 1279 1249 1346 homines
1304 1275 1678 1361 effinxeriS‚
1741 1298 2008 1366 semper
2061 1276 2307 1344 iisdem
2373 1277 2615 1367 figuris

157 1438 378 1528 (unde
409 1438 694 1507 taedium
735 1437 1076 1528 nascetur)
1132 1437 1416 1505 affectus
1474 1435 1872 1505 reddentur.
1917 1437 2146 1518 Quare
2186 1436 2243 1503 si
2273 1435 2320 1502 ii
2353 1458 2611 1525 quoum

153 1605 371 1689 caput
448 1598 654 1689 capiti
712 1598 959 1688 aquilae
1018 1598 1236 1666 simile
1295 1598 1383 1666 sit
1430 1596 1872 1666 audacissimi
1931 1598 2243 1666 omnium
2305 1597 2603 1665 habendi

154 1760 329 1843 sint,
366 1758 713 1827 neminem
752 1758 1084 1827 audacem
1135 1758 1417 1847 effinges
1458 1757 1624 1846 quin
1674 1758 1806 1825 hac
1835 1761 2029 1847 parte
2069 1757 2314 1846 aquilae
2367 1757 2611 1823 similis

159 1920 303 1987 sit:
370 1943 483 1987 ars
528 1924 756 1988 autem
814 1919 1013 2009 perit,
1071 1919 1237 1987 dum
1296 1917 1394 1986 sic
1452 1922 1700 1985 natura
1746 1921 2057 1986 vexatur.
2120 1915 2441 1985 Ceterum
2482 1916 2615 1983 huc

156 2081 417 2149 vitium
469 2080 613 2170 jam
673 2080 855 2171 apud
913 2071 1221 2148 libellum
1285 2104 1313 2145 «
1374 2080 1473 2146 De
1533 2077 1979 2167 l'expression
2056 2077 2175 2145 des
2231 2077 2543 2167 passions
2583 2103 2607 2143 :a

157 2241 578 2332 inscriptum
653 2240 1141 2310 adnotavimus
1218 2246 1286 2308 et
1366 2238 1961 2330 reprehendimus,
2041 2240 2277 2328 Itaque
2363 2239 2615 2305 erravit

159 2402 457 2470 Carolus
518 2403 610 2471 Le
641 2404 864 2487 Brun,
904 2401 1259 2469 Aristoteli
1300 2405 1367 2468 et
1399 2400 1619 2469 Portae
1643 2404 1709 2467 et
1738 2399 1980 2467 ceteris
2023 2398 2332 2484 studenS‚
2402 2421 2615 2488 quum

160 2530 310 2630 una
335 2568 581 2631 natura
613 2562 1048 2651 exsequenda
1074 2562 1191 2630 sit.

255 2725 585 2791 Attamen
635 2728 714 2791 ut
760 2744 1000 2790 omnes
1042 2721 1364 2790 certiores
1404 2722 1647 2789 fierent
1677 2721 1890 2810 hujus
1919 2721 2305 2791 litterarum
2348 2723 2619 2791 affecta*

162 2882 383 2950 tionis
424 2905 561 2971 qua
598 2882 898 2978 inclytus
938 2882 1161 2971 pictor
1202 2840 1491 2950 abutens
1530 2881 1734 2949 vellet
1774 2857 2263 2970 quodcumque
2310 2881 2623 2971 philoso-

166 3043 297 3132 phi
356 3041 767 3131 eloquantur
823 3040 1085 3110 artibus
1133 3041 1300 3132 ipsis
1357 3040 1671 3131 exprimi,
1734 3044 2082 3129 oporteret
2142 3062 2328 3108 nunc
2385 3043 2615 3108 omnia

171 3203 404 3293 capita
470 3208 537 3270 et
601 3224 723 3270 ora
787 3225 940 3292 quae
1003 3202 1087 3269 ad
1151 3201 1587 3293 propositum
1645 3200 2134 3270 illustrandum
2174 3201 2627 3269 delineaverit

170 3363 457 3431 attentis
488 3362 708 3430 oculis
740 3362 1200 3431 considerare.
1248 3362 1381 3432 Sed
1422 3362 1752 3451 quoniam
1776 3361 2030 3444 verbis,
2068 3384 2208 3429 non
2247 3361 2499 3430 tabulis
2551 3367 2615 3427 et

169 3522 756 3613 descriptionibus
795 3523 1176 3608 studemuS,
1213 3522 1507 3590 breviter
1539 3545 1693 3612 quae
1717 3521 1800 3589 de
1833 3522 1962 3589 hac
1989 3522 2271 3590 materie
2294 3520 2623 3591 Claudius

170 3685 496 3769 Nivelon,
531 3684 913 3774 discipulus
943 3684 1117 3773 erS,
1153 3683 1428 3772 reliquit
1445 3684 1841 3753 referemus
1881 3684 2010 3751 Hic
2047 3683 2254 3770 enim,
2309 3687 2623 3771 quamvis

172 3845 411 3914 omnia
448 3845 716 3935 facilius
752 3845 1094 3936 acceperit
1125 3850 1192 3912 et
1231 3846 1594 3913 obscurius
1644 3843 2021 3933 scripserit,
2067 3844 2384 3933 quaedam
2415 3844 2623 3935 digna

175 4032 333 4098 quae
356 4012 797 4076 servarentur
826 4006 1130 4075 tradidit.
1160 4006 1386 4087 Quare
1417 4004 1581 4094 quid
1612 4006 1684 4071 in
1716 4003 1948 4071 libello
1965 4004 2230 4093 jamdiu
2256 4005 2515 4093 perdito
2543 4007 2623 4071 de

180 4191 298 4236 ore
338 4173 404 4235 et
448 4167 645 4236 vultu
673 4168 760 4259 (1)
806 4167 1093 4235 Carolus
1119 4167 1212 4235 Le
1229 4167 1419 4234 Brun
1443 4164 1573 4233 sibi
1597 4165 2080 4255 proposuisset
2100 4189 2226 4233 nos
2250 4171 2485 4233 monet
2519 4167 2623 4235 vel

286 4645 383 4719 (1)
404 4645 640 4703 Gallice
664 4664 677 4703 :
714 4650 801 4703 La
828 4645 1283 4718 Physionomie.
