<?xml version="1.0" encoding="UTF-8"?>
<!DOCTYPE html PUBLIC "-//W3C//DTD XHTML 1.0 Transitional//EN"
    "http://www.w3.org/TR/xhtml1/DTD/xhtml1-transitional.dtd">
<html xmlns="http://www.w3.org/1999/xhtml" xml:lang="en" lang="en">
 <head>
  <title>
</title>
<meta http-equiv="Content-Type" content="text/html;charset=utf-8" />
  <meta name='ocr-system' content='tesseract 3.04.00' />
  <meta name='ocr-capabilities' content='ocr_page ocr_carea ocr_par ocr_line ocrx_word'/>
</head>
<body>
  <div class='ocr_page' id='page_1' title='image "./quidsenseritcar00fontgoog_0106.png"; bbox 0 0 3275 5167; ppageno 0'>
   <div class='ocr_carea' id='block_1_1' title="bbox 1382 4 1620 235">
    <p class='ocr_par' dir='ltr' id='par_1_1' title="bbox 1382 4 1620 235">
     <span class='ocr_line' id='line_1_1' title="bbox 1382 4 1620 235; baseline 0 -217"><span class='ocrx_word' id='word_1_1' title='bbox 1382 4 1620 235; x_wconf 41' lang='lat' dir='ltr'>„q</span> 
     </span>
    </p>
   </div>
   <div class='ocr_carea' id='block_1_2' title="bbox 890 454 1048 517">
    <p class='ocr_par' dir='ltr' id='par_1_2' title="bbox 890 454 1048 517">
     <span class='ocr_line' id='line_1_2' title="bbox 890 454 1048 517; baseline -0.006 -19"><span class='ocrx_word' id='word_1_2' title='bbox 890 454 1048 517; x_wconf 76' lang='lat'>..84-</span> 
     </span>
    </p>
   </div>
   <div class='ocr_carea' id='block_1_3' title="bbox 348 635 1620 3779">
    <p class='ocr_par' dir='ltr' id='par_1_3' title="bbox 352 635 1620 2671">
     <span class='ocr_line' id='line_1_3' title="bbox 401 635 1559 729; baseline 0.001 -24"><span class='ocrx_word' id='word_1_3' title='bbox 401 635 502 717; x_wconf 88' lang='lat' dir='ltr'>Quod</span> <span class='ocrx_word' id='word_1_4' title='bbox 515 636 544 705; x_wconf 93' lang='lat' dir='ltr'>si</span> <span class='ocrx_word' id='word_1_5' title='bbox 563 636 641 726; x_wconf 90' lang='lat' dir='ltr'>quis</span> <span class='ocrx_word' id='word_1_6' title='bbox 656 636 841 705; x_wconf 84' lang='lat' dir='ltr'>contendat</span> <span class='ocrx_word' id='word_1_7' title='bbox 857 636 931 706; x_wconf 86' lang='lat' dir='ltr'>haec</span> <span class='ocrx_word' id='word_1_8' title='bbox 945 642 1117 729; x_wconf 87' lang='lat' dir='ltr'>praecepta</span> <span class='ocrx_word' id='word_1_9' title='bbox 1136 661 1205 707; x_wconf 93' lang='lat' dir='ltr'>non</span> <span class='ocrx_word' id='word_1_10' title='bbox 1224 638 1419 729; x_wconf 89' lang='lat' dir='ltr'>pictoribus</span> <span class='ocrx_word' id='word_1_11' title='bbox 1439 642 1470 707; x_wconf 91' lang='lat' dir='ltr'>et</span> <span class='ocrx_word' id='word_1_12' title='bbox 1489 640 1559 708; x_wconf 82' lang='lat' dir='ltr'>Aca·</span> 
     </span>
     <span class='ocr_line' id='line_1_4' title="bbox 355 798 1553 891; baseline 0 -26"><span class='ocrx_word' id='word_1_13' title='bbox 355 798 498 867; x_wconf 90' lang='lat' dir='ltr'>demicis</span> <span class='ocrx_word' id='word_1_14' title='bbox 509 798 754 890; x_wconf 88' lang='lat' dir='ltr'>seddiscipulis</span> <span class='ocrx_word' id='word_1_15' title='bbox 764 799 907 890; x_wconf 89' lang='lat' dir='ltr'>imponi,</span> <span class='ocrx_word' id='word_1_16' title='bbox 929 806 968 870; x_wconf 92' lang='lat' dir='ltr'>ut</span> <span class='ocrx_word' id='word_1_17' title='bbox 982 800 1138 869; x_wconf 90' lang='lat' dir='ltr'>libertate</span> <span class='ocrx_word' id='word_1_18' title='bbox 1145 800 1218 891; x_wconf 88' lang='lat' dir='ltr'>jam</span> <span class='ocrx_word' id='word_1_19' title='bbox 1234 801 1344 869; x_wconf 91' lang='lat' dir='ltr'>adulti</span> <span class='ocrx_word' id='word_1_20' title='bbox 1366 801 1553 884; x_wconf 89' lang='lat' dir='ltr'>fruerentur,</span> 
     </span>
     <span class='ocr_line' id='line_1_5' title="bbox 355 960 1556 1054; baseline 0 -27"><span class='ocrx_word' id='word_1_21' title='bbox 355 960 642 1051; x_wconf 81' lang='lat' dir='ltr'>respondebimus</span> <span class='ocrx_word' id='word_1_22' title='bbox 665 984 736 1029; x_wconf 91' lang='lat' dir='ltr'>non</span> <span class='ocrx_word' id='word_1_23' title='bbox 752 983 770 1030; x_wconf 98' lang='lat' dir='ltr'>e</span> <span class='ocrx_word' id='word_1_24' title='bbox 785 960 880 1029; x_wconf 80' lang='lat' dir='ltr'>falsis</span> <span class='ocrx_word' id='word_1_25' title='bbox 896 962 1026 1030; x_wconf 90' lang='lat' dir='ltr'>normis</span> <span class='ocrx_word' id='word_1_26' title='bbox 1042 966 1076 1030; x_wconf 91' lang='lat' dir='ltr'>et</span> <span class='ocrx_word' id='word_1_27' title='bbox 1095 960 1194 1029; x_wconf 94' lang='lat' dir='ltr'>malis</span> <span class='ocrx_word' id='word_1_28' title='bbox 1209 962 1462 1054; x_wconf 79' lang='lat' dir='ltr'>exemplaribus</span> <span class='ocrx_word' id='word_1_29' title='bbox 1477 960 1556 1050; x_wconf 87' lang='lat' dir='ltr'>juve·</span> 
     </span>
     <span class='ocr_line' id='line_1_6' title="bbox 356 1120 1557 1212; baseline -0.002 -23"><span class='ocrx_word' id='word_1_30' title='bbox 356 1142 417 1189; x_wconf 90' lang='lat' dir='ltr'>nes</span> <span class='ocrx_word' id='word_1_31' title='bbox 431 1120 630 1212; x_wconf 82' lang='lat' dir='ltr'>dirigendos</span> <span class='ocrx_word' id='word_1_32' title='bbox 641 1144 727 1208; x_wconf 89' lang='lat' dir='ltr'>esse,</span> <span class='ocrx_word' id='word_1_33' title='bbox 746 1121 804 1191; x_wconf 91' lang='lat' dir='ltr'>sed</span> <span class='ocrx_word' id='word_1_34' title='bbox 826 1121 867 1189; x_wconf 94' lang='lat' dir='ltr'>ad</span> <span class='ocrx_word' id='word_1_35' title='bbox 883 1121 979 1191; x_wconf 88' lang='lat' dir='ltr'>vivas</span> <span class='ocrx_word' id='word_1_36' title='bbox 993 1124 1149 1192; x_wconf 94' lang='lat' dir='ltr'>omnium</span> <span class='ocrx_word' id='word_1_37' title='bbox 1171 1124 1358 1192; x_wconf 78' lang='lat' dir='ltr'>affectuum</span> <span class='ocrx_word' id='word_1_38' title='bbox 1378 1122 1557 1211; x_wconf 88' lang='lat' dir='ltr'>descriptio-</span> 
     </span>
     <span class='ocr_line' id='line_1_7' title="bbox 353 1281 1559 1375; baseline -0.001 -27"><span class='ocrx_word' id='word_1_39' title='bbox 353 1305 414 1349; x_wconf 85' lang='lat' dir='ltr'>nes</span> <span class='ocrx_word' id='word_1_40' title='bbox 428 1281 663 1351; x_wconf 88' lang='lat' dir='ltr'>adducendos.</span> <span class='ocrx_word' id='word_1_41' title='bbox 682 1282 840 1351; x_wconf 80' lang='lat' dir='ltr'>Profecto</span> <span class='ocrx_word' id='word_1_42' title='bbox 856 1282 897 1351; x_wconf 89' lang='lat' dir='ltr'>iis</span> <span class='ocrx_word' id='word_1_43' title='bbox 920 1282 1079 1352; x_wconf 89' lang='lat' dir='ltr'>ostendat</span> <span class='ocrx_word' id='word_1_44' title='bbox 1103 1284 1267 1375; x_wconf 86' lang='lat' dir='ltr'>magister</span> <span class='ocrx_word' id='word_1_45' title='bbox 1292 1283 1386 1373; x_wconf 93' lang='lat' dir='ltr'>quod</span> <span class='ocrx_word' id='word_1_46' title='bbox 1414 1283 1559 1374; x_wconf 90' lang='lat' dir='ltr'>optimum</span> 
     </span>
     <span class='ocr_line' id='line_1_8' title="bbox 352 1442 1558 1535; baseline -0.001 -24"><span class='ocrx_word' id='word_1_47' title='bbox 352 1465 426 1512; x_wconf 89' lang='lat' dir='ltr'>esse</span> <span class='ocrx_word' id='word_1_48' title='bbox 441 1443 629 1522; x_wconf 83' lang='lat' dir='ltr'>existimet3</span> <span class='ocrx_word' id='word_1_49' title='bbox 650 1442 708 1511; x_wconf 92' lang='lat' dir='ltr'>ille</span> <span class='ocrx_word' id='word_1_50' title='bbox 726 1465 808 1513; x_wconf 88' lang='lat' dir='ltr'>vero</span> <span class='ocrx_word' id='word_1_51' title='bbox 826 1448 944 1533; x_wconf 89' lang='lat' dir='ltr'>peccat</span> <span class='ocrx_word' id='word_1_52' title='bbox 958 1445 987 1513; x_wconf 94' lang='lat' dir='ltr'>si</span> <span class='ocrx_word' id='word_1_53' title='bbox 1003 1445 1172 1535; x_wconf 93' lang='lat' dir='ltr'>optimum</span> <span class='ocrx_word' id='word_1_54' title='bbox 1188 1467 1262 1515; x_wconf 90' lang='lat' dir='ltr'>esse</span> <span class='ocrx_word' id='word_1_55' title='bbox 1284 1443 1456 1514; x_wconf 83' lang='lat' dir='ltr'>existimet</span> <span class='ocrx_word' id='word_1_56' title='bbox 1477 1444 1558 1511; x_wconf 83' lang='lat' dir='ltr'>affec·</span> 
     </span>
     <span class='ocr_line' id='line_1_9' title="bbox 353 1602 1557 1695; baseline 0.001 -25"><span class='ocrx_word' id='word_1_57' title='bbox 353 1608 427 1672; x_wconf 91' lang='lat' dir='ltr'>tum</span> <span class='ocrx_word' id='word_1_58' title='bbox 452 1602 636 1693; x_wconf 90' lang='lat' dir='ltr'>quemdam</span> <span class='ocrx_word' id='word_1_59' title='bbox 657 1625 793 1695; x_wconf 82' lang='lat' dir='ltr'>semper</span> <span class='ocrx_word' id='word_1_60' title='bbox 821 1603 940 1673; x_wconf 91' lang='lat' dir='ltr'>eadem</span> <span class='ocrx_word' id='word_1_61' title='bbox 963 1605 1075 1695; x_wconf 84' lang='lat' dir='ltr'>ligura</span> <span class='ocrx_word' id='word_1_62' title='bbox 1097 1604 1312 1674; x_wconf 90' lang='lat' dir='ltr'>reddendum</span> <span class='ocrx_word' id='word_1_63' title='bbox 1335 1627 1424 1675; x_wconf 88' lang='lat' dir='ltr'>esse.</span> <span class='ocrx_word' id='word_1_64' title='bbox 1451 1604 1557 1687; x_wconf 83' lang='lat' dir='ltr'><strong>Quare,</strong></span> 
     </span>
     <span class='ocr_line' id='line_1_10' title="bbox 352 1764 1620 1857; baseline -0.005 -24"><span class='ocrx_word' id='word_1_65' title='bbox 352 1787 422 1833; x_wconf 91' lang='lat' dir='ltr'>non</span> <span class='ocrx_word' id='word_1_66' title='bbox 438 1768 577 1855; x_wconf 90' lang='lat' dir='ltr'>propter</span> <span class='ocrx_word' id='word_1_67' title='bbox 596 1764 797 1834; x_wconf 90' lang='lat' dir='ltr'>instituendi</span> <span class='ocrx_word' id='word_1_68' title='bbox 813 1764 1028 1834; x_wconf 88' lang='lat' dir='ltr'>voluntatem</span> <span class='ocrx_word' id='word_1_69' title='bbox 1053 1788 1164 1849; x_wconf 91' lang='lat' dir='ltr'>suam,</span> <span class='ocrx_word' id='word_1_70' title='bbox 1187 1766 1246 1834; x_wconf 94' lang='lat' dir='ltr'>sed</span> <span class='ocrx_word' id='word_1_71' title='bbox 1266 1770 1409 1857; x_wconf 88' lang='lat' dir='ltr'>propter</span> <span class='ocrx_word' id='word_1_72' title='bbox 1438 1786 1558 1857; x_wconf 87' lang='lat' dir='ltr'>pravam</span> <span class='ocrx_word' id='word_1_73' title='bbox 1619 1822 1620 1827; x_wconf 75' lang='grc'>,</span> 
     </span>
     <span class='ocr_line' id='line_1_11' title="bbox 353 1926 1557 2017; baseline -0.005 -23"><span class='ocrx_word' id='word_1_74' title='bbox 353 1926 604 1995; x_wconf 90' lang='lat' dir='ltr'>institutionem</span> <span class='ocrx_word' id='word_1_75' title='bbox 620 1931 721 2017; x_wconf 91' lang='lat' dir='ltr'>atque</span> <span class='ocrx_word' id='word_1_76' title='bbox 741 1926 958 2017; x_wconf 84' lang='lat' dir='ltr'>disciplinam</span> <span class='ocrx_word' id='word_1_77' title='bbox 970 1928 1126 2017; x_wconf 88' lang='lat' dir='ltr'>peccavit</span> <span class='ocrx_word' id='word_1_78' title='bbox 1140 1926 1284 1997; x_wconf 81' lang='lat' dir='ltr'>Carolus</span> <span class='ocrx_word' id='word_1_79' title='bbox 1301 1928 1347 1996; x_wconf 88' lang='lat' dir='ltr'>Le</span> <span class='ocrx_word' id='word_1_80' title='bbox 1361 1927 1469 1996; x_wconf 90' lang='lat' dir='ltr'>Brun.</span> <span class='ocrx_word' id='word_1_81' title='bbox 1485 1928 1557 1995; x_wconf 87' lang='lat' dir='ltr'>Raro</span> 
     </span>
     <span class='ocr_line' id='line_1_12' title="bbox 353 2062 1620 2179; baseline -0.002 -23"><span class='ocrx_word' id='word_1_82' title='bbox 353 2086 499 2156; x_wconf 82' lang='lat' dir='ltr'>eximius</span> <span class='ocrx_word' id='word_1_83' title='bbox 513 2087 625 2179; x_wconf 91' lang='lat' dir='ltr'>pictor</span> <span class='ocrx_word' id='word_1_84' title='bbox 641 2086 699 2156; x_wconf 87' lang='lat' dir='ltr'>fiet</span> <span class='ocrx_word' id='word_1_85' title='bbox 717 2087 745 2153; x_wconf 91' lang='lat' dir='ltr'>is</span> <span class='ocrx_word' id='word_1_86' title='bbox 764 2087 820 2156; x_wconf 93' lang='lat' dir='ltr'>cui</span> <span class='ocrx_word' id='word_1_87' title='bbox 835 2087 1013 2178; x_wconf 78' lang='lat' dir='ltr'>persuasio</span> <span class='ocrx_word' id='word_1_88' title='bbox 1037 2087 1120 2156; x_wconf 89' lang='lat' dir='ltr'>olim</span> <span class='ocrx_word' id='word_1_89' title='bbox 1140 2088 1313 2157; x_wconf 89' lang='lat' dir='ltr'>inculcata</span> <span class='ocrx_word' id='word_1_90' title='bbox 1341 2088 1407 2157; x_wconf 90' lang='lat' dir='ltr'>erit</span> <span class='ocrx_word' id='word_1_91' title='bbox 1426 2087 1559 2179; x_wconf 90' lang='lat' dir='ltr'>pulchri·</span> <span class='ocrx_word' id='word_1_92' title='bbox 1618 2062 1620 2095; x_wconf 44' lang='lat' dir='ltr'>l</span> 
     </span>
     <span class='ocr_line' id='line_1_13' title="bbox 353 2222 1620 2339; baseline -0.006 -21"><span class='ocrx_word' id='word_1_93' title='bbox 353 2249 510 2319; x_wconf 77' lang='lat' dir='ltr'>tudinem</span> <span class='ocrx_word' id='word_1_94' title='bbox 542 2248 732 2317; x_wconf 76' lang='lat' dir='ltr'>imitatione</span> <span class='ocrx_word' id='word_1_95' title='bbox 766 2247 950 2338; x_wconf 88' lang='lat' dir='ltr'>cujusdam</span> <span class='ocrx_word' id='word_1_96' title='bbox 980 2248 1101 2338; x_wconf 85' lang='lat' dir='ltr'>figurae</span> <span class='ocrx_word' id='word_1_97' title='bbox 1133 2248 1187 2317; x_wconf 90' lang='lat' dir='ltr'>vel</span> <span class='ocrx_word' id='word_1_98' title='bbox 1214 2272 1280 2317; x_wconf 93' lang='lat' dir='ltr'>usu</span> <span class='ocrx_word' id='word_1_99' title='bbox 1311 2252 1557 2339; x_wconf 88' lang='lat' dir='ltr'>praeceptorum</span> <span class='ocrx_word' id='word_1_100' title='bbox 1618 2222 1620 2249; x_wconf 46' lang='lat'>¹</span> 
     </span>
     <span class='ocr_line' id='line_1_14' title="bbox 353 2407 1555 2501; baseline -0.006 -22"><span class='ocrx_word' id='word_1_101' title='bbox 353 2409 584 2501; x_wconf 91' lang='lat' dir='ltr'>quorumdam</span> <span class='ocrx_word' id='word_1_102' title='bbox 600 2409 702 2479; x_wconf 81' lang='lat' dir='ltr'>ellici.</span> <span class='ocrx_word' id='word_1_103' title='bbox 719 2410 838 2500; x_wconf 86' lang='lat' dir='ltr'>ltaque</span> <span class='ocrx_word' id='word_1_104' title='bbox 854 2408 1054 2500; x_wconf 90' lang='lat' dir='ltr'>paucissimi</span> <span class='ocrx_word' id='word_1_105' title='bbox 1075 2415 1157 2478; x_wconf 91' lang='lat' dir='ltr'>sunt</span> <span class='ocrx_word' id='word_1_106' title='bbox 1181 2408 1329 2479; x_wconf 88' lang='lat' dir='ltr'>artifices</span> <span class='ocrx_word' id='word_1_107' title='bbox 1350 2433 1370 2477; x_wconf 92' lang='lat' dir='ltr'>a</span> <span class='ocrx_word' id='word_1_108' title='bbox 1389 2408 1505 2477; x_wconf 86' lang='lat' dir='ltr'>Carolo</span> <span class='ocrx_word' id='word_1_109' title='bbox 1520 2407 1555 2473; x_wconf 89' lang='lat' dir='ltr'>Le</span> 
     </span>
     <span class='ocr_line' id='line_1_15' title="bbox 352 2566 1555 2671; baseline -0.005 -34"><span class='ocrx_word' id='word_1_110' title='bbox 352 2568 449 2637; x_wconf 90' lang='lat' dir='ltr'>Brun</span> <span class='ocrx_word' id='word_1_111' title='bbox 463 2568 599 2671; x_wconf 76' lang='lat' dir='ltr'>educati</span> <span class='ocrx_word' id='word_1_112' title='bbox 614 2590 763 2658; x_wconf 90' lang='lat' dir='ltr'>quorum</span> <span class='ocrx_word' id='word_1_113' title='bbox 787 2590 915 2637; x_wconf 94' lang='lat' dir='ltr'>nomen</span> <span class='ocrx_word' id='word_1_114' title='bbox 931 2590 1000 2637; x_wconf 93' lang='lat' dir='ltr'>non</span> <span class='ocrx_word' id='word_1_115' title='bbox 1021 2568 1094 2637; x_wconf 91' lang='lat' dir='ltr'>sine</span> <span class='ocrx_word' id='word_1_116' title='bbox 1114 2568 1225 2657; x_wconf 87' lang='lat' dir='ltr'>gloria</span> <span class='ocrx_word' id='word_1_117' title='bbox 1248 2568 1291 2637; x_wconf 91' lang='lat' dir='ltr'>ad</span> <span class='ocrx_word' id='word_1_118' title='bbox 1319 2591 1383 2636; x_wconf 90' lang='lat' dir='ltr'>nos</span> <span class='ocrx_word' id='word_1_119' title='bbox 1407 2566 1555 2660; x_wconf 90' lang='lat' dir='ltr'>pervenit.</span> 
     </span>
    </p>

    <p class='ocr_par' dir='ltr' id='par_1_4' title="bbox 348 2727 1556 3779">
     <span class='ocr_line' id='line_1_16' title="bbox 396 2727 1556 2820; baseline -0.003 -24"><span class='ocrx_word' id='word_1_120' title='bbox 396 2728 487 2819; x_wconf 87' lang='lat' dir='ltr'>Ergo</span> <span class='ocrx_word' id='word_1_121' title='bbox 507 2728 624 2797; x_wconf 90' lang='lat' dir='ltr'>omnia</span> <span class='ocrx_word' id='word_1_122' title='bbox 639 2751 715 2817; x_wconf 87' lang='lat' dir='ltr'>quae</span> <span class='ocrx_word' id='word_1_123' title='bbox 730 2727 985 2797; x_wconf 88' lang='lat' dir='ltr'>illustrissimus</span> <span class='ocrx_word' id='word_1_124' title='bbox 1000 2728 1113 2818; x_wconf 90' lang='lat' dir='ltr'>pictor</span> <span class='ocrx_word' id='word_1_125' title='bbox 1128 2727 1170 2797; x_wconf 92' lang='lat' dir='ltr'>de</span> <span class='ocrx_word' id='word_1_126' title='bbox 1185 2729 1364 2798; x_wconf 79' lang='lat' dir='ltr'>affectibus</span> <span class='ocrx_word' id='word_1_127' title='bbox 1381 2729 1556 2820; x_wconf 85' lang='lat' dir='ltr'>exprimen-</span> 
     </span>
     <span class='ocr_line' id='line_1_17' title="bbox 352 2886 1555 2981; baseline -0.003 -24"><span class='ocrx_word' id='word_1_128' title='bbox 352 2887 404 2957; x_wconf 93' lang='lat' dir='ltr'>dis</span> <span class='ocrx_word' id='word_1_129' title='bbox 419 2888 559 2980; x_wconf 82' lang='lat' dir='ltr'>scripsit</span> <span class='ocrx_word' id='word_1_130' title='bbox 572 2888 704 2957; x_wconf 87' lang='lat' dir='ltr'>artibus</span> <span class='ocrx_word' id='word_1_131' title='bbox 719 2892 915 2956; x_wconf 89' lang='lat' dir='ltr'>nocuerunt</span> <span class='ocrx_word' id='word_1_132' title='bbox 932 2886 990 2979; x_wconf 83' lang='lat' dir='ltr'>(l),</span> <span class='ocrx_word' id='word_1_133' title='bbox 1009 2911 1078 2957; x_wconf 90' lang='lat' dir='ltr'>non</span> <span class='ocrx_word' id='word_1_134' title='bbox 1098 2888 1211 2957; x_wconf 90' lang='lat' dir='ltr'>solum</span> <span class='ocrx_word' id='word_1_135' title='bbox 1226 2889 1319 2978; x_wconf 92' lang='lat' dir='ltr'>quod</span> <span class='ocrx_word' id='word_1_136' title='bbox 1335 2890 1488 2981; x_wconf 90' lang='lat' dir='ltr'>plerique</span> <span class='ocrx_word' id='word_1_137' title='bbox 1498 2887 1555 2977; x_wconf 85' lang='lat' dir='ltr'>jau</span> 
     </span>
     <span class='ocr_line' id='line_1_18' title="bbox 349 3044 1556 3141; baseline -0.006 -23"><span class='ocrx_word' id='word_1_138' title='bbox 349 3051 391 3119; x_wconf 90' lang='lat' dir='ltr'>ad</span> <span class='ocrx_word' id='word_1_139' title='bbox 408 3048 618 3141; x_wconf 82' lang='lat' dir='ltr'>exemplaria</span> <span class='ocrx_word' id='word_1_140' title='bbox 632 3047 855 3138; x_wconf 85' lang='lat' dir='ltr'>respicientes</span> <span class='ocrx_word' id='word_1_141' title='bbox 871 3047 955 3136; x_wconf 93' lang='lat' dir='ltr'>quid</span> <span class='ocrx_word' id='word_1_142' title='bbox 970 3047 1036 3138; x_wconf 94' lang='lat' dir='ltr'>ipsi</span> <span class='ocrx_word' id='word_1_143' title='bbox 1054 3048 1211 3116; x_wconf 88' lang='lat' dir='ltr'>viderent</span> <span class='ocrx_word' id='word_1_144' title='bbox 1231 3052 1291 3116; x_wconf 89' lang='lat' dir='ltr'>aut</span> <span class='ocrx_word' id='word_1_145' title='bbox 1305 3048 1472 3117; x_wconf 86' lang='lat' dir='ltr'>sentirent</span> <span class='ocrx_word' id='word_1_146' title='bbox 1494 3044 1556 3113; x_wconf 88' lang='lat' dir='ltr'>red-</span> 
     </span>
     <span class='ocr_line' id='line_1_19' title="bbox 350 3203 1554 3299; baseline -0.01 -18"><span class='ocrx_word' id='word_1_147' title='bbox 350 3214 431 3283; x_wconf 90' lang='lat' dir='ltr'>dere</span> <span class='ocrx_word' id='word_1_148' title='bbox 453 3210 643 3294; x_wconf 87' lang='lat' dir='ltr'>desierunt,</span> <span class='ocrx_word' id='word_1_149' title='bbox 660 3208 725 3277; x_wconf 83' lang='lat' dir='ltr'>sed</span> <span class='ocrx_word' id='word_1_150' title='bbox 742 3208 846 3276; x_wconf 84' lang='lat' dir='ltr'>etiam</span> <span class='ocrx_word' id='word_1_151' title='bbox 870 3208 962 3297; x_wconf 95' lang='lat' dir='ltr'>quod</span> <span class='ocrx_word' id='word_1_152' title='bbox 988 3231 1007 3275; x_wconf 90' lang='lat' dir='ltr'>a</span> <span class='ocrx_word' id='word_1_153' title='bbox 1034 3230 1117 3277; x_wconf 86' lang='lat' dir='ltr'>vera</span> <span class='ocrx_word' id='word_1_154' title='bbox 1141 3214 1174 3278; x_wconf 91' lang='lat' dir='ltr'>et</span> <span class='ocrx_word' id='word_1_155' title='bbox 1202 3208 1356 3299; x_wconf 86' lang='lat' dir='ltr'>simplice</span> <span class='ocrx_word' id='word_1_156' title='bbox 1372 3214 1503 3293; x_wconf 88' lang='lat' dir='ltr'>natura,</span> <span class='ocrx_word' id='word_1_157' title='bbox 1522 3203 1554 3271; x_wconf 87' lang='lat' dir='ltr'>ad</span> 
     </span>
     <span class='ocr_line' id='line_1_20' title="bbox 348 3365 1555 3457; baseline -0.007 -18"><span class='ocrx_word' id='word_1_158' title='bbox 348 3373 501 3441; x_wconf 91' lang='lat' dir='ltr'>fucatam</span> <span class='ocrx_word' id='word_1_159' title='bbox 520 3365 816 3457; x_wconf 89' lang='lat' dir='ltr'>pulchritudinem</span> <span class='ocrx_word' id='word_1_160' title='bbox 835 3366 1027 3452; x_wconf 90' lang='lat' dir='ltr'>tendentes,</span> <span class='ocrx_word' id='word_1_161' title='bbox 1049 3367 1294 3437; x_wconf 90' lang='lat' dir='ltr'>discesserunt.</span> <span class='ocrx_word' id='word_1_162' title='bbox 1312 3368 1460 3437; x_wconf 86' lang='lat' dir='ltr'>Tantum</span> <span class='ocrx_word' id='word_1_163' title='bbox 1481 3367 1555 3435; x_wconf 90' lang='lat' dir='ltr'>enim</span> 
     </span>
     <span class='ocr_line' id='line_1_21' title="bbox 348 3527 1544 3617; baseline -0.006 -18"><span class='ocrx_word' id='word_1_164' title='bbox 348 3557 368 3600; x_wconf 92' lang='lat' dir='ltr'>a</span> <span class='ocrx_word' id='word_1_165' title='bbox 384 3535 508 3598; x_wconf 90' lang='lat' dir='ltr'>natura</span> <span class='ocrx_word' id='word_1_166' title='bbox 527 3528 715 3596; x_wconf 91' lang='lat' dir='ltr'>abhorrent</span> <span class='ocrx_word' id='word_1_167' title='bbox 750 3527 958 3617; x_wconf 88' lang='lat' dir='ltr'>exemplaria</span> <span class='ocrx_word' id='word_1_168' title='bbox 973 3552 993 3595; x_wconf 93' lang='lat' dir='ltr'>a</span> <span class='ocrx_word' id='word_1_169' title='bbox 1008 3528 1128 3597; x_wconf 86' lang='lat' dir='ltr'>Garolo</span> <span class='ocrx_word' id='word_1_170' title='bbox 1150 3530 1196 3597; x_wconf 90' lang='lat' dir='ltr'>Le</span> <span class='ocrx_word' id='word_1_171' title='bbox 1212 3530 1310 3598; x_wconf 91' lang='lat' dir='ltr'>Brun</span> <span class='ocrx_word' id='word_1_172' title='bbox 1335 3528 1501 3599; x_wconf 82' lang='lat' dir='ltr'>delineata</span> <span class='ocrx_word' id='word_1_173' title='bbox 1514 3530 1544 3594; x_wconf 91' lang='lat' dir='ltr'>ut</span> 
     </span>
     <span class='ocr_line' id='line_1_22' title="bbox 349 3678 1552 3779; baseline -0.007 -20"><span class='ocrx_word' id='word_1_174' title='bbox 349 3678 605 3779; x_wconf 51' lang='lat' dir='ltr'>si&#39;neglexisset</span> <span class='ocrx_word' id='word_1_175' title='bbox 622 3686 705 3777; x_wconf 93' lang='lat' dir='ltr'>quid</span> <span class='ocrx_word' id='word_1_176' title='bbox 720 3686 908 3755; x_wconf 83' lang='lat' dir='ltr'>effinxisset</span> <span class='ocrx_word' id='word_1_177' title='bbox 922 3688 1152 3775; x_wconf 88' lang='lat' dir='ltr'>subscribere,</span> <span class='ocrx_word' id='word_1_178' title='bbox 1174 3690 1357 3779; x_wconf 89' lang='lat' dir='ltr'>aliquoties</span> <span class='ocrx_word' id='word_1_179' title='bbox 1376 3690 1418 3758; x_wconf 91' lang='lat' dir='ltr'>de</span> <span class='ocrx_word' id='word_1_180' title='bbox 1445 3690 1552 3757; x_wconf 82' lang='lat' dir='ltr'>allecta</span> 
     </span>
    </p>
   </div>
   <div class='ocr_carea' id='block_1_4' title="bbox 349 3846 1552 3942">
    <p class='ocr_par' dir='ltr' id='par_1_5' title="bbox 349 3846 1552 3942">
     <span class='ocr_line' id='line_1_23' title="bbox 349 3846 1552 3942; baseline -0.008 -21"><span class='ocrx_word' id='word_1_181' title='bbox 349 3873 509 3942; x_wconf 88' lang='lat' dir='ltr'>expresso</span> <span class='ocrx_word' id='word_1_182' title='bbox 526 3848 714 3918; x_wconf 87' lang='lat' dir='ltr'>dubitares.</span> <span class='ocrx_word' id='word_1_183' title='bbox 736 3847 825 3914; x_wconf 90' lang='lat' dir='ltr'>Nam</span> <span class='ocrx_word' id='word_1_184' title='bbox 850 3869 890 3915; x_wconf 92' lang='lat' dir='ltr'>ea</span> <span class='ocrx_word' id='word_1_185' title='bbox 909 3848 1033 3937; x_wconf 85' lang='lat' dir='ltr'>ligura,</span> <span class='ocrx_word' id='word_1_186' title='bbox 1056 3871 1123 3938; x_wconf 85' lang='lat' dir='ltr'>qua</span> <span class='ocrx_word' id='word_1_187' title='bbox 1146 3848 1432 3938; x_wconf 78' lang='lat' dir='ltr'>tranquillitatem</span> <span class='ocrx_word' id='word_1_188' title='bbox 1460 3846 1552 3937; x_wconf 83' lang='lat' dir='ltr'>signi-</span> 
     </span>
    </p>
   </div>
   <div class='ocr_carea' id='block_1_5' title="bbox 345 4345 1552 4696">
    <p class='ocr_par' dir='ltr' id='par_1_6' title="bbox 345 4345 1552 4696">
     <span class='ocr_line' id='line_1_24' title="bbox 400 4345 1552 4421; baseline -0.007 -16"><span class='ocrx_word' id='word_1_189' title='bbox 400 4352 442 4421; x_wconf 89' lang='lat'>(1)</span> <span class='ocrx_word' id='word_1_190' title='bbox 455 4349 525 4405; x_wconf 89' lang='lat' dir='ltr'>Jam</span> <span class='ocrx_word' id='word_1_191' title='bbox 538 4354 651 4403; x_wconf 61' lang='grc' dir='ltr'>ιενιιιῐ110</span> <span class='ocrx_word' id='word_1_192' title='bbox 668 4345 795 4401; x_wconf 88' lang='lat' dir='ltr'>saeculo</span> <span class='ocrx_word' id='word_1_193' title='bbox 810 4345 902 4417; x_wconf 84' lang='lat' dir='ltr'>parvi</span> <span class='ocrx_word' id='word_1_194' title='bbox 923 4346 1140 4404; x_wconf 86' lang='lat' dir='ltr'>aestimabatur</span> <span class='ocrx_word' id='word_1_195' title='bbox 1161 4366 1179 4403; x_wconf 72' lang='grc' dir='ltr'>(ι</span> <span class='ocrx_word' id='word_1_196' title='bbox 1193 4346 1407 4420; x_wconf 86' lang='lat' dir='ltr'>l’Expression</span> <span class='ocrx_word' id='word_1_197' title='bbox 1424 4348 1479 4405; x_wconf 91' lang='lat' dir='ltr'>des</span> <span class='ocrx_word' id='word_1_198' title='bbox 1495 4347 1552 4401; x_wconf 91' lang='lat' dir='ltr'>Pas·</span> 
     </span>
     <span class='ocr_line' id='line_1_25' title="bbox 345 4441 1552 4518; baseline -0.005 -14"><span class='ocrx_word' id='word_1_199' title='bbox 345 4450 432 4505; x_wconf 91' lang='lat' dir='ltr'>sions</span> <span class='ocrx_word' id='word_1_200' title='bbox 449 4468 477 4502; x_wconf 71' lang='lat' dir='ltr'>s.</span> <span class='ocrx_word' id='word_1_201' title='bbox 494 4446 575 4501; x_wconf 89' lang='lat' dir='ltr'>Nam</span> <span class='ocrx_word' id='word_1_202' title='bbox 586 4445 646 4500; x_wconf 90' lang='lat' dir='ltr'>hac</span> <span class='ocrx_word' id='word_1_203' title='bbox 660 4450 754 4500; x_wconf 83' lang='lat' dir='ltr'>aetate</span> <span class='ocrx_word' id='word_1_204' title='bbox 766 4441 975 4499; x_wconf 84' lang='lat' dir='ltr'>Academicus</span> <span class='ocrx_word' id='word_1_205' title='bbox 984 4444 1112 4516; x_wconf 92' lang='lat' dir='ltr'>quidam</span> <span class='ocrx_word' id='word_1_206' title='bbox 1126 4445 1250 4516; x_wconf 90' lang='lat' dir='ltr'>(Scriba</span> <span class='ocrx_word' id='word_1_207' title='bbox 1263 4445 1414 4518; x_wconf 87' lang='lat' dir='ltr'>fortasse)</span> <span class='ocrx_word' id='word_1_208' title='bbox 1425 4447 1455 4503; x_wconf 93' lang='lat' dir='ltr'>in</span> <span class='ocrx_word' id='word_1_209' title='bbox 1469 4445 1552 4517; x_wconf 81' lang='lat' dir='ltr'>prima</span> 
     </span>
     <span class='ocr_line' id='line_1_26' title="bbox 346 4538 1551 4617; baseline -0.005 -16"><span class='ocrx_word' id='word_1_210' title='bbox 346 4545 464 4617; x_wconf 83' lang='lat' dir='ltr'>pagina</span> <span class='ocrx_word' id='word_1_211' title='bbox 479 4542 624 4617; x_wconf 85' lang='lat' dir='ltr'>scripsit:</span> <span class='ocrx_word' id='word_1_212' title='bbox 637 4559 656 4595; x_wconf 80' lang='lat' dir='ltr'>a</span> <span class='ocrx_word' id='word_1_213' title='bbox 674 4538 883 4597; x_wconf 81' lang='lat' dir='ltr'>Conferences</span> <span class='ocrx_word' id='word_1_214' title='bbox 901 4539 941 4596; x_wconf 92' lang='lat' dir='ltr'>de</span> <span class='ocrx_word' id='word_1_215' title='bbox 964 4538 1061 4597; x_wconf 79' lang='lat' dir='ltr'>debut</span> <span class='ocrx_word' id='word_1_216' title='bbox 1081 4542 1155 4598; x_wconf 91' lang='lat' dir='ltr'>dont</span> <span class='ocrx_word' id='word_1_217' title='bbox 1168 4544 1191 4598; x_wconf 96' lang='lat' dir='ltr'>il</span> <span class='ocrx_word' id='word_1_218' title='bbox 1205 4543 1257 4615; x_wconf 89' lang='lat' dir='ltr'>n’y</span> <span class='ocrx_word' id='word_1_219' title='bbox 1278 4560 1297 4599; x_wconf 88' lang='lat' dir='ltr'>a</span> <span class='ocrx_word' id='word_1_220' title='bbox 1319 4544 1387 4600; x_wconf 90' lang='lat' dir='ltr'>rien</span> <span class='ocrx_word' id='word_1_221' title='bbox 1411 4544 1449 4601; x_wconf 91' lang='lat' dir='ltr'>dc</span> <span class='ocrx_word' id='word_1_222' title='bbox 1467 4540 1551 4599; x_wconf 79' lang='lat' dir='ltr'>bont</span> 
     </span>
     <span class='ocr_line' id='line_1_27' title="bbox 347 4644 462 4696; baseline -0.043 0"><span class='ocrx_word' id='word_1_223' title='bbox 347 4644 432 4696; x_wconf 83' lang='lat' dir='ltr'>tircr.</span> <span class='ocrx_word' id='word_1_224' title='bbox 448 4660 462 4691; x_wconf 73' lang='lat' dir='ltr'>s</span> 
     </span>
    </p>
   </div>
   <div class='ocr_carea' id='block_1_6' title="bbox 0 0 1642 5167">
    <p class='ocr_par' dir='ltr' id='par_1_7' title="bbox 0 0 1642 5167">
     <span class='ocr_line' id='line_1_28' title="bbox 0 0 1642 5167; baseline 0 3"><span class='ocrx_word' id='word_1_225' title='bbox 0 0 1642 5167; x_wconf 95' lang='lat' dir='ltr'> </span> 
     </span>
    </p>
   </div>
   <div class='ocr_carea' id='block_1_7' title="bbox 1602 4746 1611 5125">
    <p class='ocr_par' dir='ltr' id='par_1_8' title="bbox 1602 4746 1611 5125">
     <span class='ocr_line' id='line_1_29' title="bbox 1602 4746 1611 5125; baseline 0 0"><span class='ocrx_word' id='word_1_226' title='bbox 1602 4746 1611 5125; x_wconf 91' lang='lat' dir='ltr'>l</span> 
     </span>
    </p>
   </div>
  </div>
 </body>
</html>
