3275 5167
842 460 1023 521 ..102-

316 651 370 713 est
388 646 529 712 robuste
552 649 586 711 et
604 666 771 729 nerreux,
787 645 882 711 aussi
904 644 928 710 il
956 650 1009 711 est
1033 645 1102 712 lort
1119 668 1128 727 ;
1147 644 1181 713 le
1196 643 1347 735 leupard
1363 648 1412 711 est
1433 641 1550 733 souple

318 810 351 872 et
379 802 517 887 delicat,
536 804 631 870 aussi
658 802 684 869 il
711 808 763 870 est
782 804 830 869 lin
863 808 896 871 el
929 808 1132 893 trompeur;
1162 802 1272 871 l'ours
1303 808 1358 870 est
1387 824 1547 891 sauvege

318 964 529 1031 laroucbeet
545 962 697 1047 terrible,
718 964 742 1030 il
761 970 812 1030 est
833 964 927 1032 aussi
947 963 1044 1031 cruel
1061 988 1069 1045 ;
1086 963 1129 1031 de
1147 970 1240 1031 sorte
1263 986 1332 1053 que
1347 964 1397 1031 les
1418 964 1549 1032 formes

318 1124 526 1191 exterieures
542 1130 728 1211 marquanl
750 1122 783 1189 le
802 1122 939 1191 naturel
954 1122 996 1191 de
1016 1124 1152 1215 chaque
1168 1123 1311 1207 animal,
1332 1123 1383 1191 les
1401 1123 1549 1214 physio-

319 1285 485 1351 nomistes
499 1282 612 1350 disent
626 1305 693 1372 que
709 1284 763 1350 s’il
782 1284 895 1351 arrive
910 1288 1018 1373 qu'un
1041 1284 1182 1353 homme
1201 1285 1249 1351 ait
1268 1284 1417 1376 quelque
1439 1284 1548 1374 partie

318 1444 365 1512 du
385 1466 486 1533 corps
501 1442 689 1510 semblable
712 1450 734 1509 a
761 1442 847 1511 celle
874 1442 979 1510 d’une
1009 1443 1098 1528 bele,
1120 1443 1146 1511 il
1164 1446 1239 1513 laul
1265 1444 1307 1512 de
1335 1447 1423 1512 cette
1438 1444 1547 1533 partie

317 1604 402 1671 tirer
418 1603 479 1670 des
498 1602 714 1691 conjectures
747 1602 790 1670 de
818 1626 874 1670 ses
899 1602 1138 1687 inclinationS,
1159 1628 1198 1673 ce
1219 1628 1287 1694 que
1316 1604 1385 1672 l’on
1414 1604 1547 1695 appelle

317 1764 558 1855 physionomie
578 1766 622 1855 (l)
647 1792 677 1832 i.
695 1765 814 1853 ltaque
846 1764 900 1831 vel
930 1764 1225 1853 philosophorum
1254 1763 1310 1831 vel
1332 1763 1546 1833 medicorum

320 1924 374 1991 vel
394 1924 496 1991 eliam
525 1923 759 1992 multitudinis
790 1924 885 2011 (nam
915 1947 986 1991 non
1019 1922 1208 1991 mullitudo
1238 1923 1281 1991 de
1309 1924 1364 1990 his
1390 1923 1495 1993 rebus
1528 1947 1547 1991 a

319 2083 527 2151 doctissimis
551 2084 636 2151 viris
655 2083 837 2172 discrepat}
867 2083 1046 2151 sententiae
1068 2083 1261 2174 pictoribus
1291 2083 1449 2151 indicunt
1462 2085 1546 2173 quid

318 2242 522 2311 delineaturi
537 2244 607 2309 sint
622 2242 652 2309 si
671 2244 831 2332 quaedam
862 2244 1018 2311 virorum
1051 2243 1191 2333 ingenia
1221 2243 1410 2333 exprimere
1425 2243 1544 2311 velint.

318 2405 398 2473 Non
416 2402 564 2469 imitatio
593 2408 726 2470 naturae
745 2403 805 2471 diu
829 2403 1007 2492 inspectae,
1038 2403 1097 2471 sed
1126 2402 1415 2494 philosophorum
1445 2404 1544 2471 lectio

319 2566 423 2636 etiam
442 2561 672 2630 incertissima
686 2568 813 2630 temere
834 2562 1123 2645 asseverantium,
1146 2562 1241 2629 viros
1266 2563 1397 2632 artibus
1412 2564 1543 2631 deditos

319 2723 397 2791 alet.
418 2723 530 2805 Quem
544 2722 633 2812 sugit
648 2722 740 2789 banc
757 2722 851 2789 tiam
864 2723 1002 2791 tabulas
1015 2722 1248 2813 componendi
1263 2724 1425 2814 graphidi
1443 2746 1544 2818 quam

319 2886 468 2952 maxime
483 2884 693 2951 contrariam
713 2885 818 2950 esse‘l
837 2883 927 2950 Nam
960 2906 1068 2972 quum
1090 2884 1126 2950 in
1151 2883 1259 2952 dubio
1278 2885 1420 2951 omnino
1436 2883 1480 2951 sit
1503 2907 1544 2950 an

319 3044 481 3113 omnibus
499 3041 708 3110 animalibus
741 3041 794 3109 leo
823 3041 1039 3127 fortitudine,
1071 3048 1131 3111 aut
1154 3041 1285 3133 pardus
1305 3042 1493 3111 subtilitate
1514 3047 1545 3109 et

319 3206 412 3289 dolo,
433 3208 493 3271 aut
507 3225 611 3271 ursus
637 3201 841 3269 crudelitate
862 3206 1024 3291 praestet,
1044 3202 1187 3270 minime
1212 3224 1337 3270 verum
1360 3206 1411 3269 est
1438 3201 1547 3269 homi-

319 3388 399 3434 nem
428 3364 552 3430 fortem
580 3361 691 3429 leonis
724 3362 890 3450 speciem,
926 3360 1093 3429 callidum
1122 3362 1234 3452 pardi,
1266 3362 1444 3431 crudelem
1472 3361 1545 3429 ursi

321 3525 460 3593 referre.

365 3683 525 3751 Fortasse
559 3679 743 3748 contendet
776 3680 901 3770 aliquis
930 3682 1020 3748 hanc
1050 3682 1234 3749 hominum
1262 3681 1496 3771 quorumdam
1517 3687 1549 3747 et

320 3842 550 3935 quorumdam
592 3839 797 3908 animalium
837 3841 1112 3925 similitudinem,
1151 3864 1352 3932 quanquam
1393 3842 1547 3921 dubiam,

320 4003 440 4071 utilem
458 4007 574 4069 tamen
593 4001 685 4068 viem
700 4000 853 4089 praebere
874 4001 917 4067 ad
935 4002 1078 4069 allectus
1099 4002 1279 4069 hominum
1312 4002 1549 4091 significanter

372 4462 414 4531 (ι)
427 4460 474 4516 cf.
489 4458 636 4515 Testelin.
653 4456 1035 4514 Sentiments..Discours
1051 4474 1104 4511 sur
1122 4456 1385 4528 l'Expression(in
1399 4457 1488 4531 fine),
1503 4457 1555 4513 vel

319 4559 376 4614 Ch.
392 4559 434 4613 Le
448 4559 543 4613 Brun.
561 4556 607 4611 De
633 4554 835 4626 l'expression
860 4555 917 4609 des
945 4555 1096 4611 Passions
1111 4554 1208 4627 (1698)
1223 4571 1301 4611 avec
1320 4554 1461 4628 l'abre'ge
1475 4556 1552 4612 d'un

318 4655 463 4709 discours
475 4670 529 4706 sur
543 4652 574 4707 la
588 4648 815 4724 physionomie.
