3275 5167
1271 466 1629 531 -109—

210 646 379 715 Uno
471 652 633 737 post
717 671 976 735 mense,
1076 649 1362 720 Carolus
1447 652 1540 720 Le
1626 652 1818 720 Brun
1912 652 2224 720 eamdem
2309 659 2659 719 n1;·1t.=-r'=÷·.·.m

206 810 616 899 resumpsit,
692 832 833 878 non
901 810 1181 900 quidem
1263 816 1341 880 ut
1444 812 1701 880 Nocret
1779 812 2304 896 contradiceret,
2387 815 2503 879 ενι]
2595 823 2663 879 ut

208 968 518 1060 aliquid
563 971 972 1061 exquisitius
1052 977 1116 1039 et
1185 972 1456 1042 doctius
1542 974 1613 1040 in
1689 972 1917 1043 lucem
1993 973 2359 1064 proferret.
2431 979 2663 1063 linque

203 1129 694 1198 absconditam
770 1152 1003 1200 rerum
1086 1131 1664 1220 significationem
1734 1132 2105 1221 attingens,
2196 1133 2379 1202 haud
2467 1135 2660 1199 liuhi-

202 1289 384 1358 tavit
503 1291 683 1359 hanc
804 1292 1239 1375 sententiam,
1358 1291 1643 1382 dignam
1759 1297 1992 1361 tamen
2099 1317 2253 1384 quae
2351 1295 2659 1383 (li-:apum-

203 1455 426 1535 retur,
508 1450 708 1518 edere
795 1472 809 1517 :
912 1476 940 1519 «
1035 1453 1204 1521 L'on
1282 1476 1369 1521 ne
1460 1453 1687 1521 s’etait
1765 1454 1964 1544 point
2029 1477 2275 1537 encore
2367 1455 2663 1545 irtaagiwi.

206 1635 350 1701 que
427 1610 525 1680 les
600 1611 905 1701 peintres
984 1617 1271 1682 eussent
1360 1636 1498 1683 une
1599 1613 1951 1704 theologie
2050 1619 2310 1684 muette
2379 1627 2431 1683 ef
2511 1643 2663 1703 qm,

205 1796 338 1863 par
417 1774 603 1842 leurs
686 1775 968 1865 figureS,
1055 1774 1138 1841 ils
1233 1775 1474 1842 fissent
1536 1779 1894 1843 connaitre
1977 1775 2075 1843 les
2162 1780 2495 1866 mysteria
2567 1779 2659 1843 lea

203 1934 370 2025 plus
433 1935 680 2003 caches
745 1935 829 2003 de
901 1939 1096 2004 notre
1177 1935 1494 2024 religion.
1570 1959 1599 2001 >›
1697 1936 2051 2027 Suspicari
2120 1935 2281 2005 licet
2338 1903 2431 2003 aa]
2491 1963 2659 2027 quar:-

210 2095 524 2183 argutias
581 2095 692 2163 vel
760 2118 979 2184 nugas
1038 2095 1427 2185 pervenerit
1479 2096 1698 2163 oratio
1754 2096 1838 2163 ab
1897 2096 2032 2164 hoc
2082 2096 2419 2187 principio
2483 2107 2651 2163 aria,

302 2256 599 2342 Etenim,
704 2279 918 2346 quum
997 2257 1142 2347 jam
1235 2258 1570 2347 pictorem
1674 2257 2000 2327 dedeceat
2081 2258 2166 2325 ad
2234 2258 2651 2347 theob-*gnum

200 2416 573 2507 respicere,
667 2417 1061 2486 addendum
1144 2423 1247 2486 est
1336 2418 1710 2508 theologiae
1793 2423 2003 2487 mutae
2078 2423 2144 2487 et
2239 2419 2659 2488 abscruizlilw

203 2598 464 2644 arcana
530 2577 878 2646 coloribus
938 2577 1291 2667 explanari
1362 2600 1503 2645 non
1572 2600 1798 2668 posse.
1873 2580 2110 2669 Itaque
2179 2602 2363 2648 nunc
2455 2583 2655 2647 elium

202 2736 532 2806 Carolum
599 2738 691 2806 Le
767 2739 958 2806 Brun
1023 2738 1306 2827 pictoris
1372 2737 1627 2806 famam
1695 2739 2168 2829 neglegentem
2229 2739 2313 2807 ad
2371 2743 2659 2807 virtum

203 2898 575 2990 theologiae
630 2897 1066 2991 usurpandas
1125 2897 1738 2967 animadvertimus
1794 2899 1867 2966 in
1941 2899 2181 2967 eodem
2264 2899 2431 2968 vitiu
2519 2923 2655 2987 quo

205 3080 389 3149 saepe
454 3059 847 3151 peccaverit
918 3060 1207 3129 versari.
1286 3059 1597 3129 Profecto
1685 3059 1757 3127 in
1834 3057 2137 3150 quodam
2205 3084 2234 3127 α
2298 3063 2655 3127 avertimi-

201 3225 397 3288 ment
479 3244 613 3289 aux
691 3220 1038 3289 etudiants
1105 3224 1174 3289 et
1253 3244 1387 3289 aux
1463 3224 1809 3288 amateurs
1887 3220 1972 3289 de
2054 3220 2122 3288 la
2190 3220 2503 3310 peinture
2591 3251 2651 3303 a,

200 3380 455 3449 fatetur
527 3381 707 3448 hanc
765 3380 1050 3471 picturae
1127 3386 1393 3471 partem
1471 3403 1608 3448 non
1706 3381 2132 3471 praecipuam
2199 3404 2403 3449 esse:
2479 3411 2503 3447 ιῑε.
2579 3387 2651 3451 le

203 3541 566 3609 n’entends
624 3564 747 3631 pas
807 3540 1015 3631 qu’on
1081 3541 1147 3609 la
1216 3540 1579 3609 considere
1643 3563 1912 3610 comme
1976 3564 2114 3610 une
2183 3542 2391 3611 chose
2467 3547 2659 3631 prin-—

202 3701 423 3790 cipale
514 3702 587 3767 ni
678 3724 809 3791 que
898 3723 1069 3770 ceux
1142 3702 1259 3790 qui
1346 3701 1603 3770 aiment
1681 3702 1745 3769 la
1813 3702 2129 3792 peinture
2196 3703 2659 3771 condammfflt

202 3862 303 3929 les
397 3861 720 3932 tableaux
805 3884 1075 3930 comme
1152 3866 1304 3931 tout
1380 3868 1420 3929 a
1504 3862 1631 3929 fait
1724 3862 2037 3932 mauvais
2122 3863 2399 3953 lorsque
2487 3871 2659 3931 celle

199 4022 421 4112 partie
490 4045 573 4091 ne
637 4024 738 4113 s’y
786 4026 1229 4090 rencontrera
1292 4043 1415 4110 pas
1480 4044 1537 4089 »,
1613 4020 1748 4090 Sed
1807 4021 2167 4089 confestim
2225 4022 2410 4090 addit
2483 4023 2655 4087 nihil

203 4182 289 4249 ad
376 4205 685 4273 unguem
799 4181 1050 4250 adduci
1132 4203 1358 4273 posse,
1449 4180 1583 4249 nisi
1673 4180 1838 4250 huic
1919 4182 2342 4251 absconditae
2427 4207 2651 4251 ιπψιιιιι

201 4341 752 4433 interpretationi
827 4346 1068 4411 auctor
1144 4341 1416 4411 studeat
1480 4341 1639 4432 (1);
1712 4362 1926 4430 quare
2005 4343 2135 4411 hac
2209 4347 2399 4433 parte
2471 4343 2651 4411 haud

306 4564 395 4638 (1)
422 4583 457 4620 «
484 4566 554 4621 Je
577 4582 743 4622 veux
780 4564 1122 4621 seulement
1146 4566 1333 4636 qu'on
1368 4566 1430 4621 la
1453 4564 1719 4638 regarde
1745 4581 1984 4622 comme
2007 4564 2210 4620 l'eclat
2235 4572 2296 4621 et
2321 4563 2379 4623 le
2419 4567 2543 4635 puli
2575 4567 2651 4619 ale

200 4664 333 4731 l’or,
367 4664 579 4737 quand
609 4663 655 4719 il
683 4670 780 4719 est
809 4662 1104 4735 applique
1136 4679 1243 4718 sur
1271 4662 1356 4719 du
1382 4663 1509 4719 bon
1538 4680 1607 4718 or
1647 4669 1708 4719 et
1735 4678 1858 4717 non
1882 4678 2000 4735 pas
2047 4680 2154 4717 sur
2196 4663 2281 4719 du
2322 4667 2547 4719 cuim-ff.
2591 4667 2615 4719 ,1¹
2627 4683 2656 4719 e
