3275 5167
883 434 1042 497 ..53-

348 617 773 709 principaledutableau.»
793 618 840 709 (l)
857 618 992 687 Etenim
1003 639 1044 687 ex
1065 641 1104 687 eo
1124 640 1283 687 sermone
1298 619 1377 687 haec
1392 616 1562 685 necessitas

348 776 541 847 delectandi
559 800 663 868 quam
677 777 823 848 Carolus
834 778 880 847 Le
895 778 988 846 Brun
997 777 1272 869 persequendam
1288 800 1365 846 esse
1383 777 1562 869 putatsatis

350 938 532 1007 manifesta
545 941 607 1006 est.

392 1099 491 1166 Atat
510 1098 615 1185 illius,
646 1121 716 1167 non
746 1100 907 1185 aliorum,
935 1098 1040 1167 verba
1066 1103 1100 1168 et
1127 1099 1315 1168 sententias
1347 1099 1564 1188 attingamus,

350 1259 443 1327 haud
460 1260 564 1329 semel
585 1259 666 1350 quid
691 1260 757 1328 sihi
777 1260 819 1330 de
834 1282 875 1329 ea
890 1282 926 1329 re
940 1259 1116 1328 videretur
1149 1259 1296 1351 aperuit,
1321 1282 1385 1328 seu
1416 1259 1565 1329 fateretur

348 1419 557 1510 exemplaria
571 1442 589 1488 e
608 1424 732 1488 natura
746 1423 884 1511 sumpta
899 1441 1035 1511 semper
1049 1417 1165 1510 aliquo
1186 1420 1271 1488 vitio
1290 1420 1473 1511 corrumpi
1489 1419 1563 1509 quod

349 1583 421 1647 arte
432 1602 502 1648 una
515 1579 757 1671 corrigendum
768 1586 859 1650 esset
886 1580 947 1673 (2),
964 1604 1025 1651 seu
1036 1604 1218 1651 mensuras
1226 1582 1456 1672 antiquorum
1468 1581 1567 1671 signo

348 1761 439 1824 rum,
457 1739 556 1829 quasi
576 1739 619 1808 ad
634 1762 807 1809 summam
824 1745 956 1811 naturae
971 1741 1267 1832 pulchritudinem
1276 1747 1310 1811 et
1320 1742 1566 1833 jucunditatem

350 1900 678 1991 appropinquantes,
709 1901 905 1972 miraretur.
933 1902 980 1994 (3)
1020 1903 1100 1971 Non
1132 1908 1249 1975 tamen
1278 1910 1383 1997 negat
1413 1903 1566 1995 quasdam

349 2086 509 2155 materies
529 2083 727 2155 tabularum
740 2087 881 2156 minime
901 2087 998 2157 laetas
1013 2110 1087 2158 esse
1110 2111 1117 2156 :
1148 2113 1162 2156 a
1181 2090 1274 2159 Pour
1288 2090 1348 2159 des
1364 2090 1478 2181 sujets
1497 2090 1566 2157 sim-

347 2246 421 2337 ples
436 2251 470 2315 et
484 2246 546 2315 des
564 2269 651 2337 gens
665 2248 875 2338 grossiers...
892 2249 941 2317 les
957 2253 1122 2317 contours
1147 2249 1287 2318 doivent
1305 2254 1378 2321 elre
1393 2251 1563 2343 grossius,

349 2406 543 2497 ondoyants
558 2413 592 2476 et
612 2408 798 2477 ineertains
822 2433 836 2475 a
863 2410 931 2499 (d).
950 2410 1018 2481 Sed
1034 2410 1075 2495 si,
1107 2415 1147 2479 ut
1165 2414 1267 2479 antea
1295 2412 1494 2502 expositum
1513 2414 1563 2493 est,

347 2567 540 2635 recorderis
555 2568 623 2637 hoc
638 2568 822 2638 hominum
841 2592 952 2661 genus
972 2569 1014 2639 ad
1030 2568 1290 2639 similitudinem
1315 2570 1428 2641 Fauni
1445 2569 1565 2661 antiqui

396 3075 445 3149 (1)
460 3075 507 3134 Gi.
522 3076 671 3134 Feiihien.
683 3075 905 3146 Conferences,
916 3077 949 3132 in
964 3078 1170 3150 praefatione.

399 3200 448 3273 (2)
461 3200 508 3257 cf.
522 3202 607 3273 quod
624 3199 757 3258 Carolus
771 3201 814 3257 Le
827 3200 909 3257 Brun
923 3201 1004 3258 dixit
1030 3203 1063 3259 in
1079 3204 1148 3260 loco
1168 3220 1265 3277 supra
1285 3204 1419 3262 laudato
1440 3205 1481 3261 de
1495 3203 1566 3260 vitiis

348 3297 574 3371 exemplarium
594 3299 698 3354 studio
722 3299 825 3370 ipsius
837 3307 958 3355 naturae
973 3308 1004 3356 et
1019 3301 1163 3357 veritatis
1175 3302 1368 3375 corrigendis
1389 3304 1433 3376 (in
1448 3303 1567 3359 adnota-

346 3398 433 3453 tione
448 3395 599 3451 orationis
613 3412 634 3451 a
649 3396 721 3453 J.-B.
744 3396 784 3451 de
799 3394 1016 3471 Champaigne
1042 3398 1184 3471 habitae).
1200 3398 1266 3455 Hoc
1290 3400 1386 3456 etiarn
1406 3417 1446 3456 ex
1468 3400 1566 3456 eodem

346 3497 433 3551 fonte
445 3493 594 3549 haustum
608 3493 788 3549 addendum
804 3501 855 3550 est
867 3510 874 3548 ε
885 3513 902 3549 <a
911 3496 936 3551 ll
949 3496 1007 3568 (Le
1021 3497 1122 3569 Brun)
1135 3512 1173 3553 en
1188 3498 1286 3569 apris
1298 3498 1330 3553 la
1344 3500 1499 3569 premiere
1508 3496 1567 3553 ide'e

345 3591 401 3664 (de
421 3578 531 3647 tabula
556 3590 694 3663 quadam
706 3593 821 3665 agitur)
836 3611 890 3649 sur
904 3593 933 3649 le
944 3593 1068 3651 modele
1080 3595 1134 3666 qni
1160 3603 1259 3666 ayant
1276 3596 1421 3667 teniours
1445 3596 1566 3669 quelque

348 3688 456 3745 detaut
468 3696 518 3745 est
530 3689 651 3745 ensuite
664 3690 781 3747 rectilis
795 3691 949 3747 aloisir...
966 3711 979 3742 a

399 3811 449 3887 (3)
462 3812 508 3869 Cf.
524 3813 694 3870 Teste-lin...
707 3814 906 3871 sentiments.
916 3815 1065 3871 Discours
1079 3832 1132 3871 sur
1139 3815 1185 3872 les
1201 3816 1405 3889 Propertions
1419 3832 1427 3872 ε
1444 3815 1567 3873 «Endos

346 3912 447 3984 sujets
463 3912 588 3968 se'rieux
601 3915 642 3967 ou
654 3912 686 3968 la
697 3918 809 3968 nature
824 3912 891 3968 doit
904 3916 969 3970 etre
985 3913 1184 3986 representee
1205 3914 1287 3970 belle
1306 3920 1337 3970 et
1356 3914 1517 3987 agreable,
1530 3913 1566 3968 les

344 4018 491 4067 contours
505 4010 633 4067 doivent
654 4013 720 4066 etro
733 4011 845 4066 nobles
858 4018 889 4067 ct
904 4012 1072 4067 certatus...
1096 4012 1142 4067 La
1164 4012 1322 4068 troisieme
1343 4020 1429 4068 sorte
1454 4012 1494 4069 de
1509 4027 1566 4067 con·

346 4117 466 4165 tours...
481 4117 530 4164 est
543 4125 658 4182 propre
672 4110 693 4163 a
706 4108 903 4179 representes·
922 4108 978 4165 des
1003 4109 1096 4164 heros
1117 4110 1171 4183 qui
1185 4126 1224 4165 ne
1238 4108 1367 4165 doivent
1380 4089 1485 4166 'avoir
1511 4110 1566 4163 rien

345 4223 405 4280 que
417 4206 457 4263 dc
471 4206 622 4280 parfait...
638 4206 683 4262 En
696 4207 871 4279 quatrieme
885 4206 956 4275 lieu,
973 4223 1013 4262 on
1027 4206 1192 4263 considera
1203 4224 1265 4263 nne
1290 4208 1430 4263 maniere
1450 4207 1490 4264 de
1509 4222 1566 4262 con·

344 4313 432 4361 lours
445 4305 572 4361 antistes
586 4304 741 4361 excedant
754 4304 783 4359 le
802 4303 924 4360 naturel
936 4320 996 4376 que
1014 4304 1075 4360 l‘on
1088 4322 1215 4361 nomma
1233 4306 1410 4378 puissants‚
1434 4307 1566 4362 austeres

344 4411 375 4460 et
398 4401 576 4460 terribles...
604 4409 685 4459 cette
723 4402 864 4458 muniere
895 4403 1012 4458 n’etant
1045 4419 1161 4475 propre
1192 4402 1265 4475 qu'a
1297 4406 1497 4475 representer
1519 4401 1572 4459 des,

343 4502 503 4557 divinilds.
525 4521 539 4551 n
768 4510 772 4515 '

397 4624 506 4698 (4)(11.
523 4624 671 4682 Testefin.
688 4623 912 4680 Sentiments...
925 4621 1074 4677 Discours
1088 4638 1141 4677 sur
1153 4623 1199 4680 les
1212 4624 1424 4697 Proportions.
