3275 5167
582 456 771 520 ..23-

52 640 280 709 tractandum
314 661 390 709 esse
428 642 490 730 (1),
522 647 555 711 et
593 642 745 728 Colbert,
783 646 823 711 ut
864 642 992 709 certior
1033 640 1129 710 fieret
1169 663 1285 711 rerum

52 821 131 889 quae
158 798 199 867 in
229 800 410 891 colloquiis
426 800 607 892 disputatae
629 806 739 888 erant,
768 802 941 870 orationes
963 825 984 869 a
1010 802 1124 869 scriba
1154 801 1290 870 Acade·

52 959 132 1027 miae
187 961 227 1027 in
269 961 373 1030 breve
421 967 559 1032 coactas
601 962 720 1033 audire
762 984 900 1053 quoque
940 984 1031 1030 anno
1061 959 1185 1045 voluit,
1238 965 1284 1046 et,

52 1120 348 1212 quotiescumque
396 1122 487 1191 inter
525 1123 674 1193 artifices
722 1122 829 1207 venit,
869 1121 1030 1189 hortatus
1081 1126 1133 1190 eat
1166 1120 1288 1191 uthis

54 1281 365 1350 exercitationibus
395 1306 528 1374 semper
565 1306 601 1352 se
630 1283 793 1352 dederent
826 1284 888 1373 (2).
936 1282 1055 1372 ltaque
1102 1304 1183 1351 vere
1222 1282 1290 1351 dici

55 1447 172 1532 potest
203 1442 376 1533 colloquia
407 1468 428 1512 a
460 1444 598 1513 Colbert
630 1445 820 1513 maximum
852 1443 1071 1534 splendorem
1100 1444 1287 1535 accepisse,

57 1604 232 1692 quoniam
260 1608 294 1671 et
326 1626 366 1671 ea
398 1602 434 1671 in
469 1628 536 1674 usu
580 1627 653 1674 esse
696 1604 843 1687 curavit,
888 1608 922 1672 et
958 1604 1070 1695 legem
1109 1603 1287 1673 condicio-

58 1785 212 1853 nemque
239 1785 361 1833 eorum
391 1763 558 1849 definivit,
589 1767 623 1833 et
654 1764 859 1833 auctoritate
887 1763 941 1832 vel
970 1764 1074 1832 etiam
1105 1764 1289 1834 severitate

60 1945 146 1991 usus
167 1907 233 1992 ‘est
261 1946 303 1992 ue
341 1923 676 2014 derelinquerentur.

104 2084 284 2171 Attamen,
316 2108 376 2155 seu
402 2085 528 2155 deinde
565 2085 641 2155 aliis
679 2086 782 2154 rebus
820 2085 1015 2171 attenderit,
1056 2107 1116 2153 seu
1151 2085 1291 2154 artifici-

62 2243 127 2311 bus
162 2244 315 2335 aliquam
353 2245 591 2314 remissionem
640 2244 863 2330 concesserit,
902 2244 1061 2313 videmus
1104 2241 1290 2334 colloquia,

64 2426 156 2473 auno
190 2404 518 2491 MDGLXXVlll,a
544 2406 659 2495 priore
699 2404 950 2473 consuetudine
985 2404 1174 2493 deflexisse.
1202 2404 1294 2473 Jam-

65 2565 199 2635 dudum
228 2565 368 2657 quidem
397 2566 522 2657 saepius
552 2566 593 2636 da
622 2566 815 2634 rationibus
845 2565 928 2633 artis
957 2587 1061 2656 quam
1092 2564 1133 2635 de
1166 2565 1292 2635 tabulis

64 2726 156 2816 regis
203 2727 375 2817 colloquia
421 2726 637 2795 habebantur
672 2725 753 2817 (3);
798 2729 883 2794 tunc
924 2747 1006 2795 vero
1050 2748 1164 2817 operae
1222 2750 1293 2796 suae

66 2889 255 2974 parcebant
291 2887 502 2974 Academici,
534 2886 637 2956 modo
666 2886 772 2954 libros
800 2886 843 2955 de
870 2888 1007 2976 pictura
1034 2886 1216 2956 recitantes
1231 2909 1293 2977 pro

69 3049 284 3118 orationibus
321 3049 380 3137 (1),
417 3048 520 3116 modo
552 3047 726 3116 orationes
766 3046 850 3115 olim
883 3051 977 3115 actas
1016 3048 1143 3116 iterum
1179 3048 1292 3138 legen-

121 3395 588 3468 (1)Cs.P1·0ces-Verbaux.1)u
608 3394 641 3451 13
661 3411 747 3450 mars
771 3395 850 3468 1676.
868 3395 965 3450 -Du
987 3394 1006 3450 6
1029 3394 1144 3451 sevrier
1164 3394 1243 3469 1677.
1258 3425 1295 3437 -

71 3490 118 3548 Du
132 3495 168 3550 25
181 3495 248 3567 juin
265 3493 343 3567 1678.

122 3618 224 3690 (1)(11.
241 3593 526 3686 Preces-Verbaux,
541 3617 797 3690 quotiescumque
809 3616 937 3673 Colbert
950 3616 1081 3688 praemia
1099 3633 1119 3672 a
1135 3616 1220 3689 Rege
1234 3616 1297 3672 dis·

72 3714 181 3787 cipulis
203 3732 353 3787 concessa
378 3715 602 3771 distributurus
621 3714 653 3769 in
675 3714 880 3770 Academiam
899 3715 994 3772 venit.
1021 3746 1057 3757 -
1071 3713 1117 3770 Cf.
1145 3714 1292 3772 Testelin.

75 3810 258 3869 Sentiments
274 3813 331 3869 des
349 3813 421 3885 plus
435 3812 557 3869 habiles
571 3812 720 3885 pciutreS.
741 3811 796 3869 Ed.
812 3812 891 3885 1697,
907 3812 1037 3886 passim.

123 3938 165 4010 (3)
177 3940 267 3994 Anno
290 3938 369 4011 1672,
383 3946 418 3994 ut
438 3938 582 4010 exemplo
603 3946 686 4007 utar,
709 3938 757 3993 hae
780 3938 1006 4011 colloquiorum
1020 3939 1238 4011 inscriptiones
1265 3940 1298 3994 in

73 4051 89 4087 «
107 4036 381 4092 Procas-Verbaux
392 4054 409 4091 »
420 4035 617 4091 inveniuntur
631 4052 639 4090 :
655 4056 669 4087 (ι
734 4052 787 4090 sur
799 4036 829 4091 le
844 4038 926 4108 sujet
941 4036 980 4091 de
999 4036 1187 4092 l’education
1212 4036 1252 4093 de
1267 4037 1299 4093 la

74 4132 228 4203 jeunesse,
258 4135 384 4190 suivant
406 4132 473 4189 leur
502 4133 591 4205 genie
618 4132 741 4189 natural
756 4152 783 4201 a,
801 4155 814 4186 a
896 4151 950 4189 sur
973 4134 1002 4190 le
1029 4136 1113 4206 sajet
1140 4134 1183 4191 du
1204 4152 1297 4207 corps

75 4229 198 4288 bumain
219 4232 365 4305 compare
386 4234 483 4287 aune
507 4231 715 4299 forteresse»,
733 4252 746 4283 u
831 4248 885 4287 sur
905 4248 965 4287 une
991 4232 1137 4288 methode
1161 4232 1201 4288 de
1219 4233 1299 4289 faire

75 4328 250 4387 l’anatomie
262 4352 289 4399 a,
302 4349 319 4385 a
400 4347 454 4385 sur
474 4328 503 4385 le
525 4331 609 4402 sujct
631 4328 670 4384 de
695 4329 726 4384 la
750 4328 936 4401 disposition
954 4330 1011 4385 des
1036 4330 1178 4387 couleurs
1205 4338 1236 4386 et
1259 4333 1299 4389 de

75 4425 156 4484 leurs
171 4428 347 4500 proprietas
365 4449 390 4484 a.

126 4554 170 4625 (4)
181 4553 227 4610 Cf.
242 4553 524 4640 Preces-Verbaux.
540 4552 590 4608 Du
609 4552 626 4608 5
641 4569 726 4609 mars
751 4552 829 4623 1678.
846 4584 880 4593 -
899 4553 949 4608 Du
967 4553 1003 4623 24
1024 4554 1202 4625 septembre
1223 4554 1300 4628 1678.

80 4682 110 4693 -
124 4654 173 4709 Du
187 4667 223 4724 29
236 4653 365 4709 octobre
382 4651 461 4723 1678.
