3275 5167
623 479 783 542 ..85-

83 664 184 733 ficari
214 664 335 748 voluit,
353 664 535 735 stultitiam
550 665 649 734 facile
663 664 794 747 reddat,
814 685 885 731 non
904 662 1003 731 aliter
1032 687 1072 732 ac
1096 663 1201 731 timor
1229 665 1313 749 irae,

84 848 166 915 spes
183 827 390 913 curiositati,
412 826 530 895 odium
546 827 656 896 dolori
680 827 770 895 inter
792 849 828 894 se
850 826 1023 894 simillima
1045 830 1127 895 sunt
1146 827 1208 917 (l).
1231 826 1315 895 lude

82 990 182 1075 patet
198 988 341 1056 affectus
356 988 448 1077 apud
464 988 563 1056 vivos
584 987 743 1055 homines
768 987 907 1054 attentis
938 985 1048 1055 oculis
1079 987 1313 1078 inspiciendos

84 1169 175 1231 esse,
194 1171 271 1238 quae
294 1172 364 1217 una
385 1154 435 1217 est
453 1150 510 1217 via
529 1149 571 1217 ad
587 1153 746 1218 naturam
761 1152 794 1217 et
808 1149 988 1217 veritatem
1008 1149 1268 1239 assequendam.

132 1310 214 1378 Hoc
242 1309 381 1399 quidem
415 1309 629 1378 intellexerat
672 1310 736 1378 iste
771 1309 959 1400 praeclarus
995 1314 1028 1378 et
1055 1310 1312 1381 immortalitate

87 1469 319 1561 dignissimus
360 1470 560 1539 Leonardus
603 1470 647 1539 da
680 1471 794 1557 Vinci,
829 1471 930 1561 cujus
963 1471 1090 1540 tabulae
1123 1476 1193 1540 tam
1218 1472 1316 1563 parvi

87 1653 107 1697 a
142 1631 268 1700 Carula
307 1632 355 1701 Le
391 1632 486 1700 Brun
530 1632 720 1722 ceterisque
755 1631 973 1701 Academicis
1015 1632 1127 1701 ductae
1165 1636 1247 1701 sunt
1280 1636 1320 1702 ut

88 1790 226 1859 nullam
278 1790 530 1881 colloquiorum
580 1791 759 1859 materiem
809 1812 963 1883 unquam
1016 1791 1223 1881 praeberent.
1284 1791 1317 1859 ls

87 1915 185 2019 anim
219 1975 291 2021 non
323 1952 400 2020 vult
431 1956 644 2043 praeceptum
678 1952 832 2042 proferre
861 1952 903 2021 de
934 1953 1056 2043 capitis
1092 1956 1125 2020 et
1157 1951 1319 2021 brachio-

89 2134 171 2180 rum
206 2113 359 2182 motibus
393 2118 426 2181 et
459 2112 697 2202 dispositione,
714 2112 795 2202 quia
816 2112 902 2181 varii
923 2111 1060 2180 habitus
1079 2134 1223 2180 numero
1248 2110 1318 2180 fere

88 2273 220 2342 infiniti
242 2279 324 2342 sunt
348 2274 528 2365 (2).1dem
552 2279 591 2342 ut
614 2274 757 2341 affectus
777 2277 855 2363 apte
887 2272 1057 2358 redderet,
1075 2273 1204 2342 cursim
1228 2295 1316 2365 quos
1342 2316 1346 2323 -

87 2434 178 2504 forte
194 2433 248 2504 vel
278 2435 446 2521 dolentes,
467 2435 521 2503 vel
556 2434 674 2521 iratae,
704 2434 758 2502 vel
783 2433 972 2524 gaudentes
1001 2434 1036 2501 in
1064 2434 1148 2504 urbe
1177 2434 1317 2503 videbat

91 2597 301 2683 delineabat,
323 2597 451 2666 nedum
475 2596 535 2665 uni
559 2596 679 2687 figurae
708 2617 843 2686 semper
872 2595 1089 2665 incumberet
1108 2597 1169 2686 (3).
1198 2598 1317 2688 ltaque

91 2781 164 2828 non
207 2761 345 2829 inllatas
384 2766 418 2828 et
457 2758 665 2849 compositas
711 2758 846 2828 tabulas
889 2759 1054 2850 depinxit,
1095 2760 1154 2829 sed
1189 2765 1320 2830 naturae

92 2919 234 3012 signum
276 2944 380 2990 suum
409 2920 610 3011 imprimens
642 2920 784 2989 veritate
822 2941 936 2987 rerum
971 2923 1164 3009 spectantes
1196 2922 1316 2989 movit.

94 3080 141 3150 Ut
170 3104 250 3151 vero
276 3083 371 3151 huuc
399 3080 675 3150 illustrissimum
699 3078 867 3169 pictorem
893 3079 1108 3166 omittamus
1130 3079 1319 3150 Academia

93 3243 153 3333 ipa
188 3242 309 3312 Carolo
354 3243 400 3312 Le
425 3242 521 3309 Brun
554 3240 744 3331 sapientior
782 3239 862 3324 fuit;
899 3262 979 3307 nam
1018 3209 1192 3331 colloquia
1223 3266 1238 3309 a
1273 3242 1315 3312 de

95 3404 317 3495 expressione
345 3428 359 3470 a
409 3403 528 3472 habita
569 3425 714 3470 narrans
755 3402 925 3470 Henricus
972 3402 1120 3470 Testelin
1159 3403 1279 3472 scribit
1310 3426 1342 3505 :¹

100 3589 115 3631 r
137 3565 224 3634 L’on
241 3586 424 3654 remarqua
448 3586 538 3655 pour
560 3562 660 3630 latin
684 3561 769 3653 qu'il
794 3561 883 3630 n'est
910 3585 971 3652 pas
994 3562 1146 3653 possible
1166 3563 1208 3633 de
1227 3586 1321 3655 pres-

98 3727 185 3794 crire
205 3725 434 3815 precisement
458 3728 572 3793 toutas
596 3724 646 3793 les
670 3746 831 3814 marques
851 3723 911 3792 des
931 3723 1125 3793 differentes
1145 3727 1319 3815 passione,

99 3892 239 3955 acause
255 3885 297 3955 de
316 3886 350 3954 la
368 3884 531 3954 diversite
550 3884 593 3954 de
615 3885 649 3953 la
669 3885 777 3954 forme
796 3890 830 3952 et
854 3883 901 3953 du
921 3888 1188 3975 temperament;
1214 3889 1322 3976 qu'un

150 4343 198 4417 (1)
212 4341 260 4398 Cf.
281 4341 411 4414 ligurus,
435 4340 468 4397 in
488 4340 634 4397 omnibus
654 4338 845 4397 editionibus
868 4338 965 4395 libelli
987 4357 1007 4397 a
1030 4338 1144 4396 Carolo
1169 4340 1212 4397 Le
1240 4340 1325 4397 Brun

98 4439 272 4513 compositi.

149 4566 192 4636 (2)
205 4561 349 4619 Leonard
364 4560 404 4618 dc
418 4562 517 4620 Vinci.
535 4560 641 4619 Τναὶίέ
654 4562 692 4617 de
701 4562 857 4634 peinturc,
872 4577 940 4633 cap.
956 4576 1022 4617 210.

149 4687 195 4761 (3)
207 4686 352 4745 Leonard
367 4686 406 4743 dc
417 4687 517 4744 Vinci.
540 4686 647 4743 Troilo
659 4687 697 4743 de
705 4686 861 4759 peinture,
882 4703 951 4759 cap.
967 4685 1012 4757 95.
