3275 5167
921 540 962 553 -
982 510 1021 571 50
1041 540 1081 554 ..

391 696 524 782 partem
544 693 766 761 historiarum
782 694 936 762 aCarolo
949 694 996 762 Le
1011 695 1106 763 Brun
1117 695 1241 785 pictori
1261 716 1433 763 concessa
1460 697 1525 763 estl
1539 694 1576 784 (l).

434 851 641 942 Quanquam
687 852 1033 922 animadvertendum
1065 859 1116 923 est
1145 855 1309 945 exemplis
1359 878 1438 945 quae
1469 854 1578 946 inclytus

388 1013 501 1102 pictor
519 1013 584 1081 sub
608 1012 729 1081 oculos
750 1018 888 1082 nostros
911 1014 1030 1105 posuit
1053 1036 1157 1105 qnam
1176 1020 1336 1083 accurate
1358 1015 1450 1083 hanc
1478 1014 1578 1085 unitatis
1614 996 1615 1025 ³

389 1194 508 1241 curam
528 1172 687 1241 elationis
702 1178 736 1241 et
754 1172 947 1243 altitudinis
959 1174 1074 1243 studio
1095 1174 1305 1244 submiserit.
1325 1175 1449 1245 Unitas
1473 1174 1578 1243 enimin

390 1331 531 1401 sublimi
546 1336 681 1401 tantum
693 1332 747 1403 vel
764 1308 855 1403 certe
870 1332 1018 1423 eleganti
1028 1334 1169 1404 materie
1179 1335 1416 1425 persequenda
1424 1339 1489 1405 est.
1500 1335 1578 1416 Quare
1613 1404 1615 1489 4

390 1492 420 1561 si
434 1492 598 1583 respicias
614 1492 657 1562 ad
672 1491 930 1562 celeberrimam
946 1493 1217 1584 disputationem
1237 1495 1279 1563 de
1296 1493 1436 1563 camelis
1444 1492 1578 1584 aNicolao

389 1650 536 1721 Poussin
565 1651 600 1719 in
629 1651 746 1720 tabula
761 1652 910 1742 quadam
930 1652 1067 1721 omissis
1087 1657 1211 1741 ortam,
1232 1654 1409 1745 intelleges
1433 1652 1577 1745 jureistas
1613 1614 1615 1645 l

389 1813 515 1881 bestias
565 1836 636 1881 non
684 1813 835 1882 redditas
887 1836 973 1899 esse,
1022 1814 1104 1903 quia
1153 1816 1188 1882 in
1238 1819 1334 1883 tanta
1388 1814 1576 1911 historiarum
1613 1814 1615 1891 l

386 1974 564 2063 majestate
588 1974 740 2065 indigna
761 1978 860 2043 erant
879 1998 955 2065 quae
974 1977 1096 2044 oculos
1116 1975 1347 2066 spectantium
1363 1976 1399 2043 in
1415 1998 1451 2044 se
1466 1994 1577 2043 conver-

388 2138 517 2203 terent:
533 2134 606 2225 jam
623 2133 714 2202 enim
731 2134 847 2203 unitas
863 2156 903 2203 ex
912 2134 978 2203 hac
993 2135 1172 2225 majestate
1183 2135 1338 2227 pendens
1351 2136 1497 2226 periiset.
1508 2131 1576 2203 Unde

387 2318 508 2365 omnes
518 2294 730 2381 Academici,
747 2293 870 2364 Carolo
882 2296 928 2363 Le
940 2296 1036 2363 Brun
1046 2296 1224 2379 suadente,
1237 2296 1273 2363 in
1282 2295 1350 2365 hoc
1361 2296 1577 2365 consenserunt

390 2480 404 2524 r
428 2455 504 2538 Qne
528 2456 577 2525 les
597 2456 758 2525 histoires
778 2455 907 2524 saintes
930 2460 1008 2524 sont
1027 2456 1174 2525 decrites
1197 2478 1287 2547 pour
1308 2457 1435 2526 exciter
1452 2479 1490 2524 en
1514 2474 1576 2521 nous

388 2617 448 2685 des
472 2622 616 2708 penates
636 2621 669 2685 et
692 2617 752 2685 des
774 2616 946 2685 e'motions
971 2617 1013 2685 de
1036 2617 1138 2708 piete,
1163 2639 1225 2708 par
1250 2617 1300 2686 les
1324 2618 1413 2686 bons
1441 2613 1576 2704 exemples

389 2776 530 2867 qu’elles
563 2798 652 2845 nous
680 2780 871 2868 proposent
898 2781 931 2845 et
960 2799 1026 2867 qne
1055 2800 1094 2845 oe
1121 2777 1195 2845 doit
1220 2780 1290 2845 etre
1319 2778 1413 2847 aussi
1439 2776 1528 2845 l'effet
1549 2772 1575 2839 de

386 2920 420 2989 la
440 2920 610 3010 peinture,
637 2941 675 2987 ce
695 2918 755 3008 qui
787 2918 892 2987 serait
914 2919 1083 2989 detourne
1101 2941 1164 3010 par
1186 2919 1246 2988 des
1270 2920 1514 2988 circonstances
1536 2911 1575 3003 qui

391 3082 603 3174 porteraient
635 3080 694 3149 des
714 3083 904 3149 caracteres
937 3079 1112 3148 differente
1142 3103 1187 3149 on
1213 3087 1362 3171 opposta
1392 3087 1411 3148 a
1437 3078 1522 3147 l'ide'e
1543 3074 1574 3139 du

388 3242 479 3332 sujat
506 3266 520 3307 a
541 3242 601 3332 (2).
620 3242 669 3308 Eo
686 3240 913 3309 affectationis
929 3239 1072 3309 Carolus
1093 3240 1140 3307 Le
1155 3238 1251 3309 Brun
1279 3241 1374 3309 venit
1399 3245 1437 3310 ut
1455 3232 1574 3307 timuerit

389 3426 432 3470 ne
457 3403 573 3471 unitas
595 3405 628 3469 et
646 3401 797 3491 dignitas
820 3405 1064 3469 evanescerent
1075 3400 1110 3468 in
1127 3399 1253 3468 tabulis
1273 3400 1467 3469 Nativatem
1479 3390 1573 3466 Christi

389 3562 626 3646 reddentibus,
665 3559 694 3627 si
723 3559 873 3650 pictores
911 3562 1034 3630 bovem
1068 3564 1101 3628 et
1139 3560 1289 3646 asinum,
1327 3566 1367 3630 ut
1409 3561 1572 3652 plerumque

439 3998 483 4068 (1)
498 3995 618 4052 Etenim
631 3994 736 4051 verbis
750 4009 848 4064 snpra
867 3991 973 4047 relatis
996 4007 1034 4047 ea
1052 3990 1085 4045 in
1107 3989 1247 4045 oratione
1270 3988 1494 4063 adjunguntur:
1513 4004 1524 4033 s
1539 3976 1569 4033 011

386 4095 453 4151 doit
467 4094 628 4151 neanmois
647 4092 781 4165 prendre
804 4107 865 4147 une
886 4090 1020 4145 discrete
1039 4089 1151 4145 liberte
1173 4088 1212 4145 de
1236 4087 1353 4143 choisir
1375 4088 1431 4145 des
1457 4080 1568 4141 incidens

384 4192 563 4249 favorables
576 4210 615 4248 ou
628 4190 762 4264 quelque
777 4188 925 4262 allegoria
940 4187 994 4261 qui
1008 4187 1179 4243 convienne
1194 4203 1235 4241 an
1249 4186 1334 4259 sujet
1352 4203 1412 4259 par
1434 4188 1463 4241 la
1487 4168 1568 4237 varied

385 4293 428 4348 dn
441 4299 608 4359 contremo,
622 4289 738 4345 mais...
762 4288 824 4343 l'on
845 4287 912 4343 doit
931 4286 1029 4342 dviter
1050 4286 1090 4340 de
1112 4284 1190 4340 faire
1209 4289 1349 4356 paraltre
1373 4280 1518 4341 ensemble
1535 4271 1568 4327 des

385 4392 498 4448 choses
512 4388 761 4462 incompatibles‚
776 4403 836 4458 par
849 4384 991 4457 example
1004 4384 1035 4439 la
1045 4382 1143 4439 verite
1156 4381 1212 4438 des
1227 4382 1336 4439 choses
1353 4383 1468 4439 saintes
1477 4369 1568 4435 asecles

384 4491 542 4563 qrofaues,
560 4510 573 4538 a

437 4616 479 4685 (a)
493 4614 538 4669 Cf.
554 4614 593 4669 H.
609 4608 756 4667 Testelin.
773 4607 974 4663 Sentirnents.
986 4644 992 4659 .
1003 4604 1165 4659 .Disconrs
1176 4620 1230 4659 sur
1242 4604 1454 4676 l'Expression
1464 4588 1570 4676 generale

386 4719 418 4766 et
431 4709 638 4781 particuliere.
