3275 5167
600 488 780 551 -121-

88 674 349 745 similitudinem
388 675 609 765 ingeniorum
672 674 825 765 capitum
866 671 1086 743 similitudini
1153 674 1310 744 comitari
1402 672 1406 679 ’
1473 672 1475 679 '
1523 676 1525 687 ‘
1618 662 1620 669 ’

90 837 326 905 demonstrare
341 836 461 926 cupiit,
476 835 685 927 placebunt?
699 837 862 904 Attamen
878 858 949 903 non
965 834 1110 904 dubium
1125 837 1177 904 est
1191 836 1276 925 quin
1293 858 1311 904 e

87 996 317 1087 descriptione
340 996 596 1067 suadelineans
622 1001 708 1067 tunc
722 996 913 1088 disciplinae
934 1019 1007 1067 suae
1027 996 1216 1065 obsecutus
1250 996 1306 1066 sit.

87 1158 155 1226 Res
187 1161 302 1227 autem
334 1158 376 1225 ab
426 1157 624 1227 Alexandro
651 1157 817 1249 praeclare
864 1161 977 1248 gestas
1002 1179 1111 1249 quum
1138 1157 1309 1250 pingeret,

88 1340 190 1388 nemo
224 1317 376 1408 profecto
415 1318 601 1389 contendet
644 1341 684 1387 ea
719 1340 795 1409 quae
839 1319 881 1388 de
923 1318 1059 1410 pictura
1099 1322 1311 1411 praeceperat

86 1479 138 1548 illi
184 1478 358 1570 profuisse
393 1478 449 1547 vel
489 1480 593 1549 etiarn
639 1479 844 1549 occurrisse.
884 1480 963 1548 Non
1011 1478 1221 1549 credendum
1260 1482 1312 1547 est
1418 1502 1448 1551 ,·

87 1641 187 1710 illum
210 1644 315 1733 caput
346 1640 534 1709 Alexandri
562 1641 781 1732 effingentem
807 1663 887 1710 cum
916 1640 1026 1731 capite
1059 1638 1183 1732 aquilae
1226 1662 1313 1709 eon-

85 1802 220 1890 tulisse,
256 1802 316 1871 sed
357 1802 472 1894 potius
523 1802 666 1893 picturae
712 1802 921 1893 peritissimo
969 1826 1034 1872 usu
1083 1808 1116 1871 et
1163 1801 1311 1893 simplici

85 1968 221 2033 naturae
254 1967 389 2032 conatu
413 1962 577 2054 pulchras
617 1963 752 2033 tabulas
782 1964 1029 2054 composuisse.
1062 1964 1181 2054 ltaque
1204 1985 1313 2053 quan-

84 2148 192 2215 quam
229 2123 373 2195 Carolus
404 2126 453 2194 Le
490 2124 585 2194 Brun
638 2124 784 2195 eximius
821 2125 934 2218 pictor
971 2125 1048 2211 tuit,
1097 2125 1172 2216 ejus
1223 2146 1313 2215 prae-

84 2290 187 2376 cepta
218 2307 282 2376 pro
315 2284 425 2354 nihilo
453 2284 507 2354 vel
538 2286 641 2355 etiam
667 2308 731 2377 pro
761 2285 921 2377 pessimis
949 2289 983 2355 et
1006 2286 1126 2356 haberi
1150 2289 1310 2378 possunt,

84 2451 120 2517 et
149 2469 268 2516 revera
295 2446 455 2516 habenda
486 2452 580 2517 sunt.

131 2608 290 2677 Ceterum
320 2610 350 2677 si
377 2613 477 2699 putes
510 2608 659 2677 artifices
687 2608 780 2698 quod
800 2608 837 2675 in
853 2607 924 2677 suis
945 2609 1107 2699 operibus
1129 2609 1309 2679 miratione

83 2770 233 2858 dignum
275 2769 320 2837 sit
373 2790 393 2837 e
434 2768 617 2859 discipline
668 2768 820 2853 haurire,
857 2769 1024 2838 concedes
1060 2792 1197 2860 quoque
1237 2792 1308 2856 eoa,

82 2950 195 3019 quum
235 2928 381 2999 virtutes
418 2928 554 2997 easdem
592 2931 856 3019 persequantur,
896 2928 1121 2998 similitudine
1162 2931 1310 3019 quadam

80 3089 176 3157 inter
217 3111 254 3195 ee
297 3088 558 3180 conjungendos
603 3110 689 3157 esse.
732 3088 821 3155 Nam
869 3110 910 3155 ex
956 3088 1078 3157 iisdem
1130 3092 1310 3181 praeceptis

83 3248 297 3317 delineantes
342 3255 377 3317 et
414 3248 658 3333 describentes,
707 3271 848 3318 necesse
891 3255 942 3318 est
992 3256 1031 3318 ut
1082 3271 1136 3319 res
1189 3216 1310 3319 eodem

83 3408 190 3478 modo
237 3408 393 3479 reddant.
446 3409 628 3477 Neminem
680 3412 796 3477 autem
847 3410 937 3500 fugit
984 3409 1152 3501 plurimos
1208 3414 1310 3480 rrvumi

83 3568 205 3639 saeculi
232 3570 381 3660 pictores
409 3570 452 3638 de
484 3569 610 3639 artium
647 3592 714 3637 usu
756 3570 999 3638 convenientes
1037 3573 1071 3637 et
1107 3571 1168 3639 uni
1206 3570 1310 3639 disci-

77 3730 190 3821 plinae
224 3729 426 3821 plaudentes
454 3728 544 3799 inter
571 3751 607 3798 se
639 3728 890 3799 dissimillimos
918 3730 1036 3799 luisse.
1089 3729 1175 3813 Quis
1215 3731 1308 3800 enim

84 3889 297 3959 existimabit
320 3888 520 3981 Philippum
548 3889 591 3958 de
613 3889 849 3980 Champaigne
872 3894 906 3958 et
927 3891 1128 3959 Mattbaeum
1152 3892 1199 3959 Le
1221 3891 1310 3958 Nain

82 4049 201 4121 Caroli
239 4051 286 4119 Le
322 4050 418 4119 Brun
441 4050 621 4142 praeceptis
649 4050 792 4122 minime
820 4056 1051 4141 repugnantes
1068 4051 1115 4143 (l)
1132 4075 1203 4120 non
1224 4051 1308 4120 huic

139 4512 180 4582 (1)
194 4510 263 4567 Non
277 4511 387 4584 ignoro
401 4511 569 4585 plerosque
580 4514 750 4571 arbitratos
765 4532 837 4572 esse
852 4514 1028 4588 Philippum
1042 4516 1082 4571 de
1094 4515 1309 4587 Champaigne

81 4625 147 4664 non
175 4608 286 4664 eadem
314 4626 351 4665 ac
376 4609 510 4666 Carolus
537 4612 581 4667 Le
607 4612 693 4668 Brun
721 4614 761 4669 de
786 4613 900 4669 artium
928 4630 987 4669 usu
1016 4613 1154 4670 sensisse
1183 4628 1309 4685 :quam

81 4705 263 4779 opinionem
295 4716 482 4781 acceperunt
521 4727 541 4765 a
571 4709 687 4766 Guillet
719 4710 758 4766 de
796 4711 1038 4783 &int-Georges
1076 4709 1309 4767 celeberrimam
