3275 5167
914 501 1075 567 ..36-

379 686 537 756 voluerat
551 686 672 777 periit;
703 708 784 753 nam
798 688 969 776 praecepto
980 706 1050 753 non
1065 683 1108 752 ad
1125 706 1201 774 quae
1215 683 1359 773 picturae
1374 682 1497 751 idonea
1509 686 1579 765 sunt,

380 845 439 915 sed
459 845 502 913 ad
523 844 616 936 quod
636 867 691 913 ars
708 849 740 915 et
758 844 881 913 litterae
908 865 1091 912 commune
1107 842 1236 911 habent
1262 843 1491 931 pertinebant.

424 1004 526 1088 Quod
545 1003 573 1071 si
589 1026 695 1089 nunc,
717 1007 901 1093 postquam
913 1001 1154 1071 condicionem
1167 1000 1423 1091 colloquiorum
1438 1000 1581 1091 persecuti

380 1185 512 1250 sumus,
552 1163 593 1232 de
635 1162 740 1252 hujus
782 1162 890 1230 moris
932 1159 1228 1251 institutionisque
1265 1160 1421 1250 pondere
1453 1160 1581 1249 judicare

376 1324 603 1409 voluerimus,
637 1322 877 1413 intellegemus
927 1319 1067 1390 Colbert
1089 1324 1123 1390 et
1160 1318 1323 1388 Carolum
1363 1324 1410 1389 Le
1439 1322 1528 1388 Brun
1555 1321 1580 1385 in

377 1506 640 1555 summarerum
659 1483 840 1567 erravisse,
851 1482 987 1551 etiamsi
1008 1482 1166 1573 quaedam
1181 1451 1370 1572 prudenter
1383 1482 1425 1551 ab
1438 1481 1481 1549 iis
1490 1483 1582 1571 parata

376 1646 457 1715 sint.
475 1643 657 1714 Neminem
672 1643 825 1733 prolecto
841 1642 930 1733 fugit
946 1642 1094 1710 artifices
1109 1641 1275 1731 proficere
1292 1642 1498 1731 posseinter
1512 1639 1583 1709 sede

376 1806 519 1896 picturae
547 1803 738 1872 rationibus
762 1801 815 1871 vel
850 1802 891 1870 de
917 1802 1105 1870 virtutibus
1133 1799 1333 1869 tabularum
1377 1801 1581 1892 disputantes.

377 1967 496 2056 ltaque
512 1963 756 2056 gratulandum
772 1963 1032 2032 estauctoribus
1048 1962 1183 2031 consilii
1194 1984 1262 2052 quo
1271 1961 1464 2051 jubebatur
1478 1961 1583 2031 Acade

376 2126 486 2195 micos
510 2125 613 2215 Regis
638 2123 773 2192 tabulas
800 2123 1010 2214 perpendere
1037 2128 1072 2193 et
1100 2123 1224 2192 deinde
1253 2123 1295 2192 de
1326 2122 1367 2190 iis
1393 2122 1581 2192 commercio

376 2286 626 2355 sententiarum
647 2284 709 2354 uti.
735 2285 828 2352 Haec
848 2288 920 2353 erat
949 2307 1019 2351 nna
1040 2287 1073 2353 et
1100 2306 1182 2352 vera
1210 2289 1386 2353 rectorum
1413 2285 1460 2353 de
1477 2284 1583 2352 artibus

374 2443 588 2535 judiciorum
615 2443 683 2513 via.
720 2444 806 2511 Item
847 2442 1073 2532 probabimus
1106 2443 1323 2512 orationibus
1353 2442 1585 2534 disputationes

377 2604 540 2694 anteponi
560 2608 593 2672 et
610 2604 716 2673 verba
730 2603 881 2671 breviter
901 2602 1035 2692 agenda
1054 2620 1154 2682 esse;
1178 2625 1257 2670 nam
1278 2626 1348 2671 non
1363 2602 1538 2693 pictorum
1551 2604 1586 2669 est

377 2787 500 2834 causas
520 2786 628 2847 orare,
648 2763 707 2832 sed
728 2766 911 2854 postquam
932 2762 1135 2852 graphidem
1164 2767 1225 2830 ant
1248 2763 1382 2832 colores
1408 2764 1585 2832 considers·

375 2929 512 3011 verunt,
539 2924 621 3016 quid
651 2924 838 3015 pulchrum
867 2923 923 3005 sit,
949 2920 1031 3013 quid
1052 2946 1123 2991 non
1157 2923 1300 3017 aperire.
1333 2924 1450 3006 Quare
1484 2925 1525 3010 si,
1547 2922 1585 2989 his

375 3086 556 3178 colloquiis
589 3087 637 3154 ita
669 3084 849 3171 institutis,
880 3083 1019 3151 libertas
1051 3083 1168 3151 omnia
1200 3084 1337 3153 dicendi
1367 3089 1401 3154 et
1435 3083 1586 3156 sentiendi

377 3246 568 3315 artificibus
597 3268 761 3314 concessa
785 3249 887 3329 esset,
915 3244 1060 3312 fortasse
1084 3266 1139 3312 res
1159 3244 1246 3314 bene
1269 3247 1509 3318 successisset.
1538 3243 1586 3313 Sed

377 3403 542 3495 quoniam
558 3404 746 3473 tendebant
769 3409 802 3473 et
826 3403 966 3474 Colbert
986 3407 1019 3472 et
1044 3404 1091 3471 Le
1107 3404 1202 3472 Brun
1221 3403 1263 3472 ad
1282 3428 1390 3473 unam
1409 3406 1588 3496 pulchritu-

377 3564 468 3633 dinis
476 3566 623 3633 formam
639 3566 885 3634 diversissimis
895 3564 1042 3654 ingeniis
1054 3564 1313 3651 inculcandam,
1327 3567 1456 3657 optime
1468 3567 1588 3659 provisa

376 3724 518 3794 omnino
547 3730 709 3815 corrupta
727 3729 820 3795 sunt.
848 3725 991 3794 Frustra
1014 3724 1240 3793 contenderes
1271 3724 1465 3796 libertatem
1490 3728 1587 3818 dispu-

375 3884 471 3953 tandi
500 3886 545 3978 (l)
573 3886 696 3977 cuique
718 3886 872 3956 relictam
906 3906 1005 3954 esse:
1038 3907 1217 3976 nunquam
1245 3890 1335 3956 artes
1356 3888 1480 3959 durius
1507 3910 1588 3958 cons

426 4503 481 4576 (1).
504 4504 551 4561 cf.
582 4502 730 4560 Felibien.
747 4502 954 4560 Conferences
973 4504 1017 4571 (in
1035 4502 1245 4577 praefatione).
1267 4504 1406 4576 uolnert,
1418 4506 1530 4581 inquit,
1544 4504 1588 4559 hoc

316 4616 319 4623 ’
373 4602 539 4657 voluerat:
561 4619 578 4657 «
595 4617 655 4674 que
674 4601 794 4656 chacun
818 4608 915 4673 ayant
937 4601 969 4656 la
991 4601 1101 4657 liberte
1125 4602 1164 4657 de
1186 4602 1254 4657 dire
1271 4618 1329 4657 son
1351 4605 1530 4672 sentiment,
1543 4604 1589 4657 l'on

374 4698 467 4753 serait
480 4716 522 4754 un
537 4714 669 4755 examen
679 4697 718 4753 de
734 4704 801 4753 tout
810 4714 846 4754 ce
859 4697 913 4769 qni
924 4706 1011 4753 entre
1026 4699 1106 4754 dans
1121 4698 1152 4755 la
1167 4701 1460 4772 compositiond'un
1469 4704 1559 4776 sujet,
1568 4703 1589 4753 et
