3275 5167
1156 488 1515 552 —101—

101 671 383 739 Jericho
467 671 771 739 effictum
846 694 998 740 esse
1069 696 1084 757 ;
1181 672 1369 762 quod
1472 693 1676 740 nemo
1781 693 2201 761 cognoscere
2294 676 2543 762 potest,

101 853 321 920 quum
375 831 565 900 nulla
626 830 881 900 tabulae
940 830 1311 921 suscriptio
1403 832 1511 898 sit.
1623 829 1957 914 PictoreS,
2049 830 2198 920 jam
2282 830 2366 899 ad
2439 854 2551 899 eas

103 992 413 1080 argutias
478 991 994 1078 descendentes,
1069 1014 1208 1059 non
1265 997 1482 1059 artem
1540 1014 1737 1059 suam
1785 996 2125 1075 exercent,
2189 992 2308 1059 sed
2373 991 2555 1060 litte-2

102 1172 211 1217 ras
271 1155 621 1241 usurpant
684 1175 697 1220 :
756 1151 940 1241 quod
1023 1156 1255 1219 tamen
1350 1151 1727 1241 saepissime
1792 1149 2128 1219 Carolum
2195 1151 2289 1219 Le
2366 1152 2555 1221 Brun

100 1311 350 1380 fecisse
409 1315 475 1379 et
533 1310 838 1379 suasisse
906 1312 1187 1382 scimus,
1252 1311 1349 1380 At
1400 1310 1639 1378 saltem
1698 1310 1950 1379 talibus
2019 1310 2372 1380 erroribus
2427 1335 2551 1379 nec

98 1472 244 1561 ipse
303 1472 472 1540 vitia
532 1471 965 1539 intoleranda
1033 1472 1104 1537 in
1162 1470 1431 1540 tabulas
1514 1494 1677 1541 suas
1763 1471 2063 1558 admisit,
2139 1494 2265 1540 nec
2350 1471 2555 1540 disci-

98 1632 307 1723 pulos
367 1638 435 1702 et
524 1634 882 1702 audientes
949 1632 1036 1701 ad
1103 1632 1405 1723 pessima
1459 1637 1619 1722 post
1692 1654 1766 1701 se
1822 1633 2054 1701 traxit.

194 2133 603 2223 Aliquando
632 2155 794 2202 vero
830 2133 963 2201 hoc
1003 2132 1386 2202 litterarum
1426 2132 1735 2201 studium
1784 2131 2029 2221 majori
2057 2129 2362 2221 periculo
2394 2135 2559 2199 arti-

100 2292 235 2362 bus
265 2293 421 2363 fuit.
457 2294 634 2362 Nam
665 2294 994 2384 quoniam
1052 2292 1338 2361 Carolus
1398 2293 1490 2361 Le
1521 2292 1714 2361 Brun
1756 2291 1937 2382 apud
1969 2283 2413 2359 Aristotelem
2458 2291 2547 2383 (εἰ)

100 2456 165 2519 et
207 2453 595 2544 praesertim
637 2452 819 2543 apud
858 2452 1390 2542 Neapolitanum
1424 2453 1698 2552 Portam
1741 2450 1829 2541 (2)
1865 2451 2197 2542 quasdam
2243 2451 2556 2541 ingenio-

101 2635 260 2682 rum
294 2614 661 2682 hominum
711 2614 1253 2703 animaliumque
1292 2612 1782 2682 similitudines
1819 2611 2201 2697 inveniens,
2253 2635 2368 2681 eas
2407 2613 2555 2703 ipsa

99 2773 241 2842 oris
297 2780 367 2842 et
422 2774 659 2843 vultus
716 2772 1169 2843 similitudine
1226 2772 1519 2863 exprimi
1574 2773 1819 2855 voluit,
1873 2772 1958 2840 ad
2016 2773 2229 2841 miros
2288 2794 2551 2841 errores

100 2955 264 3002 mox
287 2887 629 3024 pervenit.
669 2935 809 3001 Has
840 2933 1068 3002 Caroli
1100 2934 1193 3002 Le
1231 2934 1421 3001 Brun
1469 2932 1846 3000 sententias
1877 2933 1971 2998 ita
2000 2930 2294 2999 fideliter
2323 2932 2551 2999 Testa-

99 3092 194 3159 lin
228 3095 307 3161 in
343 3095 653 3163 oratione
690 3119 717 3161 ‹<
750 3094 833 3163 de
883 3093 1350 3184 l'Expression
1399 3093 1720 3183 generale
1769 3095 1834 3160 et
1859 3091 2295 3182 particuliere
2340 3115 2369 3157 »
2405 3090 2551 3157 ins-

99 3254 325 3345 cripta
353 3253 614 3339 retulit,
646 3259 725 3322 ut
763 3254 810 3321 ii
856 3254 975 3344 qui
1031 3258 1186 3344 post
1225 3257 1518 3321 mortem
1548 3250 1994 3321 illustrissimi
2041 3250 2323 3341 pictoris
2361 3249 2551 3319 libel-

98 3411 247 3481 lum
316 3413 471 3483 «de
528 3413 995 3503 l'Expression
1063 3413 1183 3481 des
1244 3412 1564 3481 Passions
1608 3436 1637 3478 »
1702 3411 2115 3501 inscriptum
2185 3408 2543 3499 ediderint.

95 3572 287 3642 illius
319 3573 545 3641 verbis
602 3573 686 3642 de
726 3573 855 3642 hac
903 3572 1186 3641 materie
1227 3572 1334 3640 usi
1388 3573 1550 3656 sint,
1607 3572 1920 3640 oratione
1980 3570 2205 3640 Caroli
2239 3571 2332 3639 Le
2359 3571 2547 3639 Brun

93 3733 241 3821 jam
301 3734 684 3803 deficiente.
748 3737 886 3803 Ista
945 3739 1177 3803 autem
1237 3733 1419 3822 apud
1477 3732 1775 3800 Testelin
1842 3731 2222 3800 orationem
2275 3731 2360 3800 de
2416 3733 2551 3823 qua

100 3897 332 3985 agitur
363 3897 799 3985 paucissimis
861 3894 1085 3964 verbis
1127 3894 1700 3984 complectentem
1749 3894 2124 3984 leguntur:
2182 3917 2209 3959 ‹<
2258 3893 2350 3961 Le
2408 3893 2547 3960 lion

207 4559 305 4633 (1)
340 4558 732 4616 Aristoteles
760 4559 851 4616 De
880 4559 1257 4617 animalibus
1283 4560 1579 4617 historiae.
1611 4559 1747 4617 Lib.
1769 4560 1874 4630 IX,
1905 4578 2043 4634 cap.
2085 4560 2294 4621 XLIV.
2327 4577 2453 4636 199.

205 4683 303 4757 (2)
332 4684 538 4741 Porta.
572 4716 639 4726 —
668 4685 761 4742 De
780 4684 1054 4743 humana
1083 4685 1561 4759 physiognomia
1588 4684 1734 4741 libri
1760 4685 1862 4754 IV,
1895 4702 2059 4742 anno
2092 4685 2248 4759 1517.
