3275 5167
861 460 1117 525 -22-,

342 649 448 713 tatem
490 644 675 734 quamdam
714 645 893 715 simularet
938 644 1142 714 deliberavit
1194 644 1368 735 quomodo
1421 644 1565 736 quisque

342 806 528 875 Rectorum
556 805 647 872 intra
680 807 762 873 anni
792 806 943 896 spatium
971 828 1078 873 unam
1111 804 1303 874 orationem
1346 811 1471 897 ageret
1503 806 1564 895 (l);

341 966 433 1056 quod
480 987 562 1033 vero
608 965 759 1056 jusserat
821 965 971 1052 Golbert,
1019 965 1150 1034 scilicet
1197 964 1372 1055 colloquia
1425 987 1563 1055 quoque

342 1147 460 1195 mense
492 1126 561 1217 agi,
594 1126 704 1195 invita
736 1126 888 1216 quidem,
919 1131 1081 1195 exsecuta
1109 1131 1173 1194 est.

387 1288 572 1377 Postquam
604 1286 761 1355 Minister
792 1287 896 1378 Regis
924 1310 964 1356 ea
995 1288 1030 1356 vi
1067 1286 1277 1377 significavit
1309 1286 1565 1378 colloquiorum

339 1446 617 1517 exercitationem
641 1447 804 1516 tuendam
832 1469 918 1530 esse,
945 1462 1024 1516 raro
1049 1447 1162 1516 evenit
1187 1454 1227 1516 ut
1259 1448 1480 1517 omitteretur
1510 1449 1564 1540 (2).

342 1608 461 1699 ltaque
498 1608 527 1676 si
565 1608 641 1698 quis
675 1608 822 1676 formam
850 1613 884 1676 et
921 1607 1155 1676 conditionem
1182 1629 1305 1676 eorum
1344 1609 1561 1678 considerare

340 1769 435 1855 velit,
481 1769 556 1838 haec
593 1769 811 1859 potissimum
862 1774 945 1836 aetas
995 1790 1072 1858 quae
1110 1769 1152 1836 ab
1195 1792 1286 1837 anno
1328 1770 1557 1839 MDCLXVIl

342 1953 452 2022 usque
498 1930 541 1999 ad
580 1952 708 1999 annum
750 1930 1023 2003 MDGLXXVlll
1062 1931 1159 2021 lapsa
1194 1935 1245 1998 est
1305 1931 1466 2021 eligenda
1503 1935 1565 2000 est.

342 2092 431 2161 Nam
464 2096 498 2160 et
526 2114 566 2161 ea
599 2090 664 2160 fuit
695 2090 870 2160 interdum
903 2090 1104 2159 audentium
1132 2091 1325 2181 frequentia
1359 2095 1398 2160 ut
1430 2092 1567 2161 Acade·

342 2252 441 2321 micis
472 2253 585 2321 visum
610 2252 654 2320 sit
686 2251 865 2321 consulere
898 2273 940 2320 ne
974 2252 1011 2318 in
1042 2252 1277 2341 :conventibus
1315 2252 1417 2321 turba
1448 2251 1565 2319 multi·

342 2409 462 2479 tudine
497 2411 679 2480 hominum
717 2412 814 2481 fieret
843 2413 905 2501 (3),
944 2415 978 2479 et
1016 2433 1057 2479 ea
1091 2434 1174 2480 cura
1212 2410 1276 2479 luit
1316 2410 1567 2501 colloquiorum

343 2594 463 2641 revera
505 2572 797 2641 conserendorum
836 2576 875 2640 ut
911 2594 1000 2662 saepe
1036 2571 1184 2640 artifices
1228 2571 1444 2641 decreverint
1485 2571 1568 2640 nihil

344 2731 437 2801 aliud
473 2732 595 2801 diebus
631 2733 759 2823 quibus
797 2731 839 2801 de
875 2731 1010 2823 pictura
1054 2737 1088 2799 et
1130 2732 1309 2823 sculptura
1346 2732 1569 2802 dissereretur

395 3040 440 3113 (1)
455 3040 502 3097 Cf.
519 3040 800 3107 proces-verbam,
817 3039 929 3097 eodem
946 3036 998 3093 die
1022 3054 1030 3093 :
1055 3060 1068 3091 a
1129 3040 1222 3110 apres
1245 3039 1319 3112 quoi
1333 3038 1365 3093 la
1379 3036 1570 3109 Compagnie

343 3140 517 3197 deliberant
532 3155 586 3195 sur
600 3138 646 3193 les
660 3154 790 3209 moycns
802 3138 843 3193 de
869 3138 1018 3210 soulager
1042 3136 1116 3191 MM.
1145 3137 1191 3192 les
1216 3136 1366 3193 Recteurs
1381 3134 1420 3191 de
1434 3134 1467 3190 la
1480 3136 1570 3205 peine

342 3237 382 3293 de
396 3238 474 3293 faire
488 3235 645 3307 plusieurs
657 3236 801 3290 discours
816 3252 853 3291 en
869 3236 999 3305 l’annde,
1022 3252 1042 3291 a
1060 3234 1164 3291 resolu
1188 3250 1249 3307 que
1266 3234 1384 3290 chacun
1398 3233 1490 3289 d’eux
1502 3234 1571 3287 n'en

342 3336 409 3391 fera
423 3334 517 3407 qu'un
536 3349 594 3405 par
613 3348 664 3401 an,
689 3341 730 3397 et,
748 3349 829 3405 pour
849 3334 997 3406 pourvoir
1016 3350 1057 3389 an
1075 3332 1212 3405 surplus,
1237 3332 1312 3405 qu'il
1333 3348 1405 3388 sere
1419 3331 1571 3403 permisi

342 3432 416 3489 MM.
432 3432 478 3488 les
491 3439 598 3486 autres
613 3429 746 3485 officiers
770 3438 801 3486 et
823 3431 1003 3487 conseillers
1023 3430 1275 3503 d'entreprendre
1292 3429 1403 3485 lesdits
1415 3428 1570 3495 discours,

344 3531 432 3593 selon
444 3528 536 3601 qu'ils
552 3544 586 3583 se
597 3528 815 3599 presenteront
827 3528 1096 3605 volenteiremcnt,
1113 3545 1152 3585 en
1167 3529 1421 3601 communiquant
1443 3527 1473 3583 le
1488 3530 1571 3599 sujet

343 3626 529 3698 etleprOJ‘et
547 3623 587 3680 de
609 3625 692 3681 leurs
716 3624 870 3693 discours,
893 3644 932 3683 en
955 3634 1023 3682 tout
1044 3643 1143 3682 ouen
1165 3628 1346 3695 substance,
1372 3642 1411 3681 en
1432 3625 1571 3680 l’assem·

344 3722 413 3780 blee
427 3722 622 3796 particuliere
637 3723 676 3779 de
691 3717 891 3793 l'Acaddmie,
900 3742 940 3781 au
954 3724 1074 3781 samedi
1084 3724 1254 3797 precedant
1263 3724 1459 3780 l'assemblee
1472 3722 1572 3794 publi-

345 3837 416 3895 que.
432 3838 450 3876 ›>

397 3943 790 4016 (2)AttamenAcademici,
797 3944 947 4001 audiendi
956 3946 1071 4018 cupidl,
1079 3955 1203 4002 tantum
1212 3945 1324 4002 orandi
1329 3945 1455 4001 taedium
1464 3962 1528 4016 prae
1539 3960 1571 4000 se

343 4042 479 4098 tulerunt
489 4050 523 4097 ut
532 4042 723 4114 postviginti
737 4058 861 4098 menses
872 4060 967 4115 qnam
975 4044 1161 4100 irasceretur
1174 4043 1301 4100 Colbert
1313 4044 1411 4099 hocin
1421 4064 1434 4095 a
1446 4042 1570 4097 Proces-

344 4139 492 4195 Vcrbaux
508 4160 520 4191 n
538 4140 724 4195 scriberetur
740 4156 747 4194 :
763 4158 780 4193 α
796 4139 840 4196 Ce
853 4142 935 4214 jour,
952 4140 1142 4197 l'Academie
1154 4142 1341 4210 assemblee,
1356 4140 1500 4196 d’autant
1513 4156 1571 4212 qne

344 4253 497 4309 personne
511 4254 550 4293 ne
566 4237 669 4292 s’etait
683 4237 813 4309 dispose
833 4256 912 4311 pour
927 4238 1112 4294 l'ouverture
1136 4240 1176 4296 de
1197 4240 1229 4295 la
1250 4239 1453 4306 Conference‚
1474 4238 1531 4293 elle
1554 4256 1571 4293 a

341 4334 390 4390 ete
406 4335 518 4390 remise
531 4338 550 4389 ri
565 4352 606 4389 un
625 4343 714 4391 autre
720 4337 792 4408 J'our
807 4354 834 4390 n.
854 4335 906 4408 (28
917 4354 1002 4391 mars
1018 4337 1110 4409 1671).
1121 4337 1163 4393 At
1188 4336 1374 4409 plerumque
1389 4336 1442 4392 die
1454 4335 1571 4391 indicta

344 4432 500 4505 colloquia
516 4449 586 4489 sese
601 4432 787 4488 habuerunt.

395 4556 437 4627 (3)
451 4556 497 4613 Cf.
514 4557 800 4613 Preces-Verbaux.
816 4558 865 4612 Du
879 4559 909 4613 ὅθ
923 4559 997 4631 jour
1016 4559 1055 4614 de
1070 4560 1134 4615 mai
1151 4559 1229 4615 1668.
1246 4590 1280 4601 -
1294 4561 1344 4614 Du
1365 4558 1414 4613 26⁹
1437 4560 1509 4632 jour
1531 4558 1571 4613 du

342 4654 423 4710 mois
437 4653 476 4709 de
495 4654 559 4709 mai
575 4652 655 4709 1668.
