3275 5167
885 442 1044 507 „74-

349 626 442 717 quod
457 626 654 695 adversario
674 628 720 697 Le
735 628 831 697 Brun
851 628 953 719 longe
968 629 1139 720 praestitit,
1163 652 1273 721 quum
1293 629 1430 699 doctius
1446 630 1560 699 colores

348 787 501 877 posuerit
516 792 549 855 et
563 810 621 856 eos
633 787 824 879 jucundius
840 790 1028 859 miscuerit.
1040 790 1129 860 Sunt
1139 790 1231 859 enim
1242 787 1373 880 pa'rteS,
1386 792 1560 881 praesertim

348 948 377 1015 si
408 947 584 1017 textilibus
613 948 655 1015 ab
696 970 735 1017 eo
765 948 946 1018 delineatis
985 948 1184 1037 attenderis,
1224 974 1310 1042 quas
1336 974 1475 1021 summa
1503 958 1560 1020 arte

347 1107 551 1199 depinxerit.
570 1108 687 1199 ltaque
707 1109 789 1199 quid
812 1107 854 1177 de
875 1109 939 1179 hac
963 1132 999 1179 re
1026 1111 1170 1181 senserit
1192 1112 1379 1202 inquirenti
1403 1136 1477 1180 non
1491 1113 1562 1180 ohli-

345 1267 549 1337 viscendum
577 1271 628 1337 est
643 1268 803 1339 eumdem
818 1291 971 1338 errorem
991 1272 1148 1340 omnium
1167 1271 1241 1362 ejus
1265 1272 1374 1341 astatis
1399 1274 1560 1364 pictorum

343 1430 469 1500 luisse:
488 1431 729 1499 ornamentum
741 1430 892 1499 colorem
905 1452 1025 1499 omnes
1039 1431 1247 1519 habuerunt,
1256 1432 1313 1499 alii
1329 1438 1559 1502 ornamentum

341 1588 438 1680 parvi
466 1588 643 1671 ducentes,
677 1588 736 1657 alii
766 1590 849 1659 huic
866 1590 1037 1680 picturam
1071 1595 1179 1660 totam
1210 1591 1322 1661 inesse
1351 1592 1557 1661 arbitrantes.

387 1751 432 1819 At
461 1772 658 1841 quanquam
687 1720 837 1821 Carolus
856 1754 903 1821 Le
932 1752 1027 1821 Brun
1049 1752 1168 1820 eadem
1192 1751 1233 1821 de
1253 1752 1370 1822 colore
1399 1776 1442 1821 ac
1471 1753 1559 1821 ceteri

342 1911 462 1993 sensit,
489 1908 667 1979 fatendum
688 1913 740 1978 est
759 1910 858 1979 illum
879 1910 969 1980 hanc
993 1911 1191 2001 opinionem
1212 1913 1426 2003 argumentis
1448 1908 1559 2003 quibus

342 2093 444 2140 suum
467 2068 605 2160 signum
628 2070 803 2160 impressit
817 2070 1022 2141 defendisse.
1041 2071 1247 2163 Eloquentia
1262 2072 1354 2141 enim
1379 2073 1557 2162 praesertim

342 2254 420 2323 quae
444 2228 675 2321 philosophiae
706 2230 857 2319 speciem
891 2230 1034 2299 referret
1062 2253 1197 2321 semper
1231 2232 1262 2299 ci
1289 2229 1429 2322 placuit.
1456 2232 1557 2320 ltaque

341 2390 499 2461 colorum
533 2394 648 2480 partes
676 2394 876 2479 sequentem
906 2389 1004 2458 illum
1035 2390 1178 2459 Cartesii
1209 2390 1419 2481 discipulum
1455 2391 1556 2483 potius

341 2574 445 2643 quam
486 2551 735 2641 peritissimum
774 2551 944 2642 pictorem
991 2572 1065 2619 esse
1108 2550 1276 2619 crederes.
1317 2550 1417 2633 Quod
1449 2551 1557 2619 vitium

343 2711 477 2802 (eadem
508 2712 602 2779 enim
631 2734 701 2779 non
730 2710 958 2802 philosophos
984 2715 1018 2779 et
1054 2710 1204 2801 pictores
1234 2712 1367 2802 decent)
1394 2712 1430 2779 in
1457 2710 1556 2780 omni-

339 2872 405 2942 bus
434 2872 510 2963 ejus
531 2871 748 2941 orationibus
773 2870 986 2962 adspicitur;
1012 2894 1093 2939 nam
1108 2870 1174 2939 sibi
1191 2816 1409 2940 mirationem
1424 2872 1557 2940 audien·

339 3033 428 3103 tium
459 3034 651 3103 adsciscere
681 3031 834 3100 voluisse
872 3032 1020 3100 videtur.
1061 3030 1236 3120 Quidquid
1268 3032 1302 3100 id
1331 3038 1394 3118 est,
1426 3038 1466 3100 ut
1492 3055 1557 3122 gra-

338 3195 479 3285 phidem
506 3193 613 3262 colori
641 3195 805 3283 praestare
834 3193 968 3282 probet,
999 3193 1066 3260 hoc
1095 3197 1300 3283 argumento
1329 3194 1438 3262 utitur
1458 3218 1464 3262 :
1487 3193 1556 3260 «Le

338 3353 505 3423 veritable
542 3354 660 3421 merite
693 3358 745 3421 est
779 3352 868 3420 celui
896 3352 954 3443 qui
994 3376 1030 3421 se
1064 3353 1216 3421 soutient
1251 3354 1292 3422 de
1326 3354 1502 3422 lui-meme
1528 3357 1556 3420 et

338 3512 398 3602 qui
425 3462 640 3601 n'emprunte
674 3513 747 3580 rien
768 3512 928 3581 d'autrni.
957 3512 1006 3579 De
1029 3517 1202 3603 sorteque
1222 3535 1310 3603 pour
1334 3518 1509 3582 connaltre
1530 3512 1555 3579 le

338 3672 460 3739 merite
486 3671 532 3740 du
566 3671 681 3739 dessin
711 3678 743 3739 et
762 3671 804 3739 de
824 3671 857 3738 la
887 3672 1038 3753 couleur,
1068 3676 1101 3740 et
1122 3695 1210 3762 pour
1237 3695 1279 3741 en
1301 3673 1387 3741 faire
1416 3672 1449 3739 la
1472 3672 1555 3741 diffs-

337 3853 452 3916 renco,
479 3832 501 3900 il
522 3833 595 3901 seut
615 3832 813 3900 conside'rer
842 3832 987 3921 laquelle
1012 3833 1053 3901 de
1074 3854 1130 3901 ces
1150 3834 1240 3902 deux
1270 3833 1392 3903 choses
1418 3834 1554 3903 subsiste

336 3993 528 4084 davantage
557 4015 619 4083 par
643 3991 833 4061 elle-meme
857 3996 889 4060 et
921 3996 971 4060 est
997 3992 1076 4082 plus
1104 3992 1358 4083 independente
1388 3994 1430 4063 de
1451 3998 1551 4062 tontes

333 4155 383 4224 los
412 4159 556 4222 autres»
582 4154 645 4244 (l).'
672 4152 769 4221 Nihil
795 4152 936 4242 quidem
965 4154 1098 4244 aequius
1119 4160 1152 4222 et
1170 4154 1297 4223 rectius
1313 4159 1414 4241 esset,
1437 4153 1551 4244 siquis

386 4459 428 4529 (r)
456 4458 575 4514 Omnes
610 4457 670 4512 loci
711 4456 767 4527 qni
804 4473 887 4511 nunc
917 4466 948 4512 et
974 4458 1054 4513 infra
1081 4458 1251 4513 laudantur
1277 4458 1363 4529 apud
1391 4458 1550 4513 orationem

336 4574 349 4605 a
372 4554 561 4609 sentimenta
577 4570 631 4609 sur
645 4554 675 4608 le
690 4552 835 4607 discours
846 4550 888 4606 du
900 4553 1009 4609 merite
1024 4553 1064 4609 de
1078 4553 1110 4609 la
1125 4552 1274 4609 couleur»
1287 4554 1468 4626 inscriptam
1479 4555 1551 4608 inve·

334 4648 474 4704 niuntur.
