3275 5167
423 590 525 661 Haud
561 592 701 682 quidam
742 592 848 663 semel
876 592 933 663 ille
970 594 1116 664 virtutos
1151 594 1364 684 scriptorum
1407 593 1571 685 pictoribus

376 751 637 843 consequendas
674 774 750 822 esse
795 751 994 823 declaravit.
1031 753 1121 821 Nam
1149 752 1185 821 in
1218 752 1378 843 plurimis
1406 753 1574 823 Academia

376 910 558 1003 colloquiis
591 912 769 983 contendit
796 936 937 983 necesse
979 936 1054 983 csse
1082 912 1243 1000 artifices,
1277 916 1375 1004 quasi
1403 913 1488 1005 stylo
1522 918 1578 981 ute

375 1079 507 1161 rentur,
532 1074 827 1144 reconditissimos
860 1074 1043 1143 hominum
1090 1074 1232 1144 allectus
1280 1078 1313 1143 et
1367 1096 1499 1160 sensus,
1537 1073 1578 1141 val

375 1240 529 1304 exactam
559 1233 781 1303 historiarum
808 1236 999 1320 veritatem,
1028 1232 1083 1304 vel
1119 1235 1307 1325 perfectam
1335 1234 1495 1303 locorum
1513 1234 1578 1302 ina·
1627 1322 1628 1335 ἵ

375 1396 491 1487 qinom
524 1394 700 1485 effingere.
732 1394 844 1486 Cujus
885 1396 933 1465 rei
969 1394 1035 1464 hoc
1072 1394 1322 1463 documentum
1355 1394 1496 1463 minime
1533 1393 1578 1462 dn·
1627 1384 1628 1405 ¹

375 1556 472 1625 bium
498 1559 562 1638 ost,
596 1555 700 1646 qnod,
736 1559 815 1645 post
844 1554 1029 1645 quamdam
1059 1554 1252 1627 Sebastiani
1274 1554 1442 1624 Bourdon
1471 1555 1578 1623 oratio·

374 1738 454 1785 nem
482 1717 544 1805 (l),
579 1713 811 1806 disputatione
843 1720 919 1785 orta
951 1716 994 1785 de
1041 1715 1260 1807 paucissimis
1298 1715 1382 1784 viris
1411 1715 1448 1784 in
1480 1714 1577 1783 tabula

374 1875 507 1946 Nicolat
535 1876 681 1945 Poussin
705 1898 819 1946 coecos
843 1900 863 1945 a
890 1876 1028 1947 Christo
1055 1881 1194 1945 sanatos
1222 1874 1388 1946 reddente
1412 1875 1575 1967 expressis,

374 2036 604 2107 Academicus
648 2036 802 2129 quidam,
860 2058 963 2128 quem
1007 2038 1165 2129 suspicor
1206 2036 1370 2107 Carnium
1415 2037 1465 2105 Lo
1505 2036 1579 2103 Brun

375 2198 481 2269 luisse
494 2199 557 2288 (2),
574 2197 629 2267 his
644 2198 759 2268 verbis
779 2218 962 2268 numerum
978 2197 1127 2269 duorum
1147 2196 1306 2267 miraculi
1320 2197 1463 2266 testium
1481 2196 1515 2264 in
1532 2195 1580 2262 hac

375 2688 469 2763 qn’un
484 2685 636 2746 excellent
650 2686 742 2761 poete
756 2685 796 2742 de
809 2692 899 2743 notre
913 2692 1026 2760 temps,
1038 2685 1237 2744 decrivantle
1251 2686 1380 2743 combat
1395 2684 1581 2745 d’Alcxandre

373 2794 481 2844 contre
505 2785 615 2853 Porus,
641 2783 727 2842 avait
749 2783 912 2841 retranchd
931 2782 970 2841 dc
990 2800 1027 2841 sn
1044 2784 1210 2857 narration¹
1220 2801 1282 2859 qne
1296 2784 1397 2841 Porus
1419 2785 1496 2841 etait
1516 2784 1580 2841 alors

375 2885 480 2941 monte
496 2901 550 2941 sur
563 2901 606 2940 nn
619 2882 777 2957 elephant,
792 2881 833 2938 de
855 2898 1018 2956 pemque,
1041 2882 1157 2940 faisant
1170 2884 1310 2939 mention
1329 2884 1422 2939 d'unc
1436 2884 1542 2955 espeoc
1552 2879 1581 2934 dc

375 2990 520 3040 montnrc
534 2982 651 3057 reletce
666 2980 706 3037 dc
719 2996 778 3037 nos
792 2979 975 3049 escadrons,
987 2980 1010 3035 il
1023 2979 1246 3039 n'effnrouchdt
1260 2981 1389 3038 l’orcille
1398 2981 1438 3037 de
1452 2998 1503 3037 scs
1517 2976 1581 3035 audi·

372 3089 459 3139 tenrs
474 3089 506 3139 et
520 3097 581 3154 que
596 3081 628 3135 la
641 3078 771 3135 matiere
785 3077 958 3151 principale
971 3093 1011 3133 ne
1018 3077 1065 3134 lut
1079 3078 1218 3135 troubles
1232 3095 1291 3151 par
1305 3095 1340 3135 ce
1352 3078 1429 3151 petit
1442 3073 1581 3148 deniqui

373 3188 424 3237 est
439 3180 595 3237 contraire
610 3180 629 3234 a
642 3194 701 3233 nos
715 3176 870 3232 manieres
886 3175 925 3232 de
938 3174 1143 3233 comhattre.»

428 3305 469 3375 (1)
480 3304 529 3361 Cf.
545 3302 694 3359 Felibien.
710 3331 746 3344 -
760 3300 916 3373 Septieme
929 3300 1119 3359 conserence.

424 3426 470 3500 (a)
483 3424 576 3484 Hand
595 3434 712 3483 temere
726 3442 793 3483 rem
807 3425 854 3481 ita
867 3440 938 3482 esse
963 3425 1115 3498 suspicor.
1138 3424 1229 3495 Nam,
1258 3441 1438 3499 quanquam
1464 3424 1581 3482 Felibien

370 3543 486 3585 nomen
499 3524 702 3597 disputatoris
715 3524 832 3591 omisit,
842 3522 922 3579 mira
937 3522 1107 3580 similitudo
1119 3531 1168 3580 cst
1179 3530 1431 3597 argumentorum
1440 3522 1521 3579 illius
1529 3536 1582 3577 cun

372 3624 535 3682 sententiis
548 3621 654 3679 Caroli
670 3623 712 3677 Le
726 3621 810 3678 Brun
825 3621 864 3677 dc
877 3620 1066 3678 necessitate
1078 3621 1429 3695 paucerumssgurarum
1442 3621 1475 3677 in
1486 3618 1582 3677 tabulis

372 3722 607 3797 ponendorum
636 3720 668 3775 in
696 3719 893 3776 contentione
921 3719 961 3775 de
989 3718 1116 3775 camelis
1145 3735 1165 3776 a
1192 3719 1303 3776 tabula
1327 3718 1448 3776 Nicolal
1468 3716 1581 3775 Poussin

375 3820 530 3891 arcendis,
545 3818 662 3877 Gnillet
675 3817 716 3875 de
727 3816 913 3891 &Georges
927 3818 1022 3873 refert
1037 3834 1073 3872 :«
1086 3816 1128 3871 M.
1153 3815 1197 3874 Le
1209 3817 1326 3876 Brun...
1352 3816 1399 3872 dit
1412 3834 1472 3890 quc
1487 3812 1581 3872 d'ordi·

370 3921 461 3978 naire
476 3936 514 3977 en
542 3916 762 3991 representant
781 3914 990 3971 lesus-Christ
1014 3920 1159 3971 mournnt
1181 3930 1235 3971 sur
1261 3915 1291 3971 le
1316 3914 1471 3984 Calvnirc‚
1494 3910 1581 3979 onn'y

372 4018 480 4077 faisait
494 4021 634 4092 parattrc
648 4031 710 4089 que
720 4013 791 4087 cinq
809 4014 936 4085 ligures,
952 4020 983 4069 et
994 4014 1072 4069 trois
1084 4012 1113 4070 le
1126 4012 1197 4085 plns
1213 4019 1357 4081 souvent‚
1373 4011 1521 4087 quoiqu'il
1534 4008 1581 4064 soit

371 4120 445 4177 bien
460 4124 605 4175 constant
626 4113 701 4189 qu'il
722 4129 744 4185 y
764 4111 831 4167 vint
854 4108 937 4166 alors
953 4109 992 4168 de
1005 4111 1181 4169 Jerusalem
1195 4127 1255 4167 une
1275 4110 1360 4167 lonle
1374 4107 1580 4179 d’autantplus

371 4216 565 4294 grandoque
579 4214 611 4270 la
624 4209 777 4269 solennite
787 4208 826 4264 dc
838 4209 870 4264 ln
883 4209 944 4265 lete
955 4208 994 4265 dc
1008 4209 1132 4283 Ptques
1146 4226 1167 4280 y
1181 4209 1267 4265 avait
1282 4208 1374 4265 attire
1386 4223 1519 4281 presque
1529 4210 1580 4261 tout

369 4318 399 4375 le
413 4315 525 4390 pcnple
535 4313 573 4369 de
587 4312 618 4367 la
631 4307 740 4366 tudes.
755 4306 837 4363 Mais
850 4306 896 4363 les
911 4307 1047 4379 peintres
1058 4314 1112 4363 ont
1123 4314 1284 4380 sagement
1294 4304 1456 4362 considere
1465 4300 1578 4378 qucs'ils

369 4414 519 4471 dtalaient
533 4428 575 4467 un
599 4408 762 4465 embarras
791 4406 819 4461 si
838 4405 973 4473 enorme,
986 4404 1037 4461 ‚ils
1057 4404 1268 4462 satisleraient
1290 4404 1355 4460 mol
1378 4403 1410 4461 la
1434 4404 1513 4477 pieta
1537 4401 1579 4456 des

370 4518 543 4585 personnes
564 4502 833 4575 contemplativos,
849 4517 943 4573 parce
958 4518 1018 4572 que
1036 4510 1106 4558 tant
1127 4502 1166 4559 ds
1185 4502 1290 4558 divers
1305 4501 1409 4574 objets
1436 4504 1580 4559 interson-

371 4607 494 4679 praicnt
507 4604 575 4660 leur
594 4598 780 4656 meditation
798 4603 830 4652 et
842 4596 910 4652 leur
924 4596 1046 4653 serveur
1060 4618 1088 4652 a.
1107 4600 1136 4655 ls
1159 4606 1263 4656 autem
1276 4598 1332 4671 qui
1358 4598 1528 4672 disputavit
1550 4595 1579 4650 de
