3275 5167
600 462 760 525 ...91-

74 650 174 718 rebus
197 649 440 719 exsistentibus
475 651 708 742 corrumpitur
734 649 873 718 tandem
909 652 1145 738 sequerentur.
1183 648 1283 731 Quod

73 808 192 895 Graeci,
213 814 252 878 ut
284 809 407 878 Carolo
438 811 485 878 Le
515 812 609 879 Brun
638 810 752 879 visum
773 813 836 891 est,
862 809 1014 877 exsecuti
1038 812 1141 892 sunt;
1172 809 1288 898 itaque

2 999 3 1002 ’
74 977 270 1047 Graecorum
310 979 409 1070 signa
449 949 596 1070 quisque
636 1003 698 1070 pro
739 978 991 1069 exemplaribus
1037 978 1174 1063 habeat,
1215 1001 1284 1046 non

72 1139 121 1206 ita
157 1144 193 1208 ut
228 1162 269 1209 ea
306 1163 466 1231 expresse
494 1141 625 1224 reddat,
664 1141 723 1209 sed
754 1144 792 1208 ut
837 1138 993 1230 corporis
1024 1161 1205 1208 mensuras
1242 1139 1299 1209 vel

71 1299 302 1369 membrorum
331 1301 469 1370 habitus
493 1302 547 1370 vel
576 1300 838 1388 similitudinem
871 1298 1058 1389 quamdam
1081 1300 1151 1368 oris
1176 1300 1219 1367 ab
1256 1300 1298 1368 iis

73 1464 256 1530 mutuetur.
279 1461 379 1531 Unde
411 1462 448 1529 fit
474 1468 523 1545 ut,
554 1463 745 1531 imitatione
765 1466 921 1530 veterum
955 1461 1002 1528 ita
1030 1459 1285 1544 commendata,

74 1644 129 1690 ars
142 1622 384 1706 recentiorum,
402 1623 553 1691 novitate
583 1645 718 1708 carens,
738 1623 812 1712 jam
837 1621 1015 1691 minuatur
1043 1625 1076 1689 et
1091 1621 1294 1712 frangatur:

74 1804 153 1849 nam
188 1781 283 1850 nulla
323 1788 376 1850 est
426 1805 481 1850 ars
532 1782 598 1851 nisi
647 1806 688 1852 ex
739 1784 1015 1874 uniuscujusque
1080 1786 1207 1851 conatu
1254 1781 1296 1849 ad

2 1959 4 1966 “
74 1966 184 2028 suum,
218 1967 289 2011 non
321 1943 473 2012 alienum
509 1945 648 2034 signum
682 1950 814 2014 naturae
842 1945 1111 2036 imprimendum
1139 1947 1288 2011 constet.

117 2089 273 2171 Attamen
305 2103 388 2172 huic
425 2104 535 2195 culpae
573 2105 824 2195 ignoscendum
864 2109 966 2188 esset,
1006 2103 1164 2195 quamvis
1206 2107 1296 2171 artes

73 2263 108 2329 in
128 2265 274 2334 deterius
301 2265 531 2353 inclinaverit,
561 2267 642 2357 quia
660 2290 736 2335 eam
758 2290 829 2336 non
857 2270 991 2358 poterat
1014 2287 1084 2332 non
1110 2264 1291 2332 admittere

75 2425 213 2494 Carolus
233 2427 283 2495 Le
313 2427 421 2496 Brun.
453 2428 589 2496 Etenim
613 2429 724 2495 aetatis
747 2451 818 2497 suae
847 2427 881 2495 vi
910 2426 952 2494 ad
976 2426 1065 2494 hanc
1079 2424 1286 2493 sententiam

75 2585 282 2675 trahebatur,
305 2610 382 2676 quae
406 2592 505 2655 antea
527 2587 602 2678 jam
621 2588 761 2670 florens,
797 2593 915 2679 postea
948 2587 1142 2656 diutissime
1170 2585 1293 2676 viguit.

75 2746 229 2826 Ceterum
266 2747 333 2816 hoo
373 2770 496 2838 genere
538 2748 704 2839 pingendi
741 2753 876 2819 utentes
913 2748 1166 2839 pulcherrimas
1194 2748 1296 2816 tabu-

75 2904 122 2974 las
153 2913 423 2998 composuerunt
465 2931 504 2976 eo
535 2912 688 2999 tempore
718 2908 834 2977 eximii
866 2909 1027 2976 artifices.
1060 2907 1127 2977 Sed
1170 2908 1295 2976 iterum

76 3071 107 3133 et
135 3069 256 3139 durius
288 3069 444 3159 peccavit
473 3070 519 3137 Le
548 3069 642 3138 Brun
681 3067 890 3159 exemplaria
933 3068 1120 3136 affectuum
1161 3088 1322 3157 semper·

76 3228 191 3296 eodem
227 3231 329 3298 modo
349 3213 656 3320 'exprimendorum
683 3230 861 3320 discipulis
890 3230 1077 3320 praebens;
1119 3228 1178 3320 qui
1200 3250 1297 3297 error

76 3390 214 3478 picturae
257 3389 512 3480 sculpturaeque
559 3413 694 3459 summo
739 3389 945 3458 detrimento
979 3391 1056 3459 fuit.
1096 3391 1189 3458 Nam
1231 3410 1296 3457 nec

77 3551 149 3617 ausi
183 3553 275 3633 sunt,
311 3572 374 3618 neo
407 3573 488 3618 mox
527 3555 715 3641 potuerunt
750 3549 911 3640 discipuli
954 3551 1081 3619 horum
1123 3549 1296 3640 exempla-

77 3708 161 3776 rium
190 3709 376 3800 imaginem
407 3733 424 3778 e
457 3716 570 3779 mente
605 3711 782 3800 oculisque
808 3710 1003 3803 depellere3
1044 3710 1136 3780 unde
1177 3711 1215 3777 lit
1252 3715 1292 3779 ut

78 3888 143 3934 non
176 3869 250 3959 jam
287 3873 458 3952 naturam,
500 3869 558 3938 sed
598 3874 740 3960 pactum
782 3869 955 3959 quoddam
998 3892 1135 3938 servare
1174 3891 1293 3937 eorum

77 4028 196 4097 tabulae
225 4027 430 4098 videantur:
463 4029 554 4097 idem
571 4052 621 4114 os,
641 4029 733 4098 idem
745 4030 836 4097 risus
851 4005 905 4098 vel
925 4029 1040 4114 fletuS,
1058 4030 1162 4097 iidem
1177 4029 1294 4097 vultus

77 4190 375 4278 membrorumque
412 4188 563 4274 habitus,
598 4189 702 4257 iidem
734 4189 844 4258 inflati
873 4196 905 4258 et
939 4191 1009 4259 licti
1039 4192 1181 4259 allectus
1206 4213 1295 4258 sem-

77 4368 133 4434 per
166 4355 200 4416 et
232 4348 361 4443 ubique
395 4348 649 4439 reperiuntur;
691 4372 772 4417 vera
802 4354 917 4418 autem
938 4349 1000 4418 'ars
1031 4353 1128 4418 abest
1157 4375 1164 4434 ;
1213 4373 1294 4418 nam

79 4529 147 4577 eam
172 4511 200 4579 si
229 4510 457 4580 imilationem
480 4516 612 4579 naturae
641 4533 716 4580 esse
744 4510 886 4600 plurimi
909 4511 1133 4595 arbitrantur,
1173 4511 1291 4580 nullus

78 4673 123 4736 est
149 4671 208 4761 qui
227 4671 455 4740 imitationem
484 4676 616 4740 naturae
645 4695 665 4737 a
698 4672 820 4740 Garolo
843 4671 888 4738 Le
916 4670 1013 4740 Brun
1029 4693 1198 4762 expressae
1214 4695 1290 4740 eam
1328 4681 1331 4685 ’

1184 4792 1227 4806 ,¹¹⁴-

1157 4801 1259 4834 x.‚'7*'4
