3275 5167
849 468 1030 533 ..120-

329 655 359 723 si
374 653 536 745 discipuli
550 654 654 724 stulte
669 652 723 723 usi
738 652 821 740 sint,
839 676 909 722 non
934 653 1090 746 magistri
1105 652 1229 723 vitium
1245 659 1315 740 est;
1333 678 1416 723 nam
1431 655 1540 724 cotidie

330 812 514 905 disciplina
536 836 641 904 quam
664 813 898 885 eruditissima
923 813 1138 884 audientium
1159 814 1398 885 imbecillitate
1417 815 1458 884 ad
1476 813 1542 883 irri-

328 977 403 1043 tum
424 972 515 1043 cadit
530 972 585 1043 vel
599 974 749 1065 pessima
768 977 847 1064 post
862 995 899 1042 se
913 974 1031 1043 trabit.
1045 974 1136 1045 Satis
1145 979 1237 1045 certe
1252 979 1316 1063 est,
1333 981 1373 1045 ut
1387 980 1543 1066 praecepta

331 1134 475 1203 colenda
493 1084 798 1225 sinl,magistrum
811 1134 855 1203 iis
875 1134 1064 1205 subnixum
1083 1135 1319 1227 pulcherrima
1348 1136 1541 1205 confecisse.

329 1334 374 1347 -
407 1295 633 1386 Nequaquam
661 1294 857 1365 refellemus
886 1295 1047 1365 Gerolum
1082 1297 1129 1367 Le
1157 1296 1252 1366 Brun
1282 1298 1407 1367 eximie
1431 1296 1544 1365 multas

330 1454 466 1523 tabulas
480 1454 655 1524 effinxisse
674 1459 720 1542 et,
740 1478 850 1547 quum
869 1455 1034 1548 operibus
1049 1479 1199 1548 quorum
1224 1480 1316 1527 unus
1336 1458 1403 1526 luit
1424 1460 1543 1539 auctor,

331 1620 404 1685 tum
429 1615 472 1685 iis
499 1638 577 1706 quaa
602 1616 678 1685 aliis
708 1615 899 1687 artificibus
922 1616 1143 1707 exsequenda
1166 1617 1321 1705 tradidit,
1345 1618 1389 1687 de
1414 1617 1545 1709 pictura

330 1777 540 1846 amatoribus
576 1738 662 1847 bene
691 1776 854 1848 meritum
879 1800 966 1849 esse.
999 1779 1066 1850 Sed
1097 1801 1218 1848 omnes
1240 1782 1407 1871 pictores,
1425 1777 1545 1847 etiamsi

332 1937 521 2029 quidquam
553 1960 572 2007 e
613 1938 795 2029 praeceptis
838 1963 858 2008 a
900 1960 937 2008 se
983 1938 1195 2030 descriptum
1242 1943 1276 2009 et
1325 1939 1546 2031 compositum

335 2121 409 2169 esse
447 2098 675 2185 contendent,
728 2120 837 2190 quum
879 2100 974 2190 operi
1009 2100 1219 2170 incumbunt
1256 2104 1289 2169 et
1330 2101 1438 2191 genio
1494 2122 1547 2169 suo
1627 2090 1628 2153 ἶ

331 2259 514 2351 indulgent
558 2264 592 2329 et
638 2260 700 2328 uni
750 2264 883 2329 naturae
941 2260 1191 2352 obtemperant.
1254 2260 1415 2352 Speciem
1467 2261 1547 2330 enin

332 2421 604 2512 pulchritudinis
637 2420 797 2490 eximiam
833 2419 1032 2511 quamdam,
1067 2444 1144 2512 quae
1179 2424 1215 2490 in
1254 2422 1412 2513 ipsorum
1444 2425 1547 2491 mente

332 2584 469 2670 insidet,
494 2582 785 2674 contemplantur,
814 2589 850 2651 at
873 2584 1046 2675 praecepta
1074 2605 1151 2673 quae
1181 2584 1224 2652 ad
1254 2583 1363 2653 nubes
1395 2582 1545 2652 extollere
1626 2578 1627 2587 ’

333 2743 492 2813 solebant
512 2742 653 2812 minime
669 2744 901 2813 meminerunt
918 2772 926 2831 3
951 2767 1055 2815 usum
1070 2765 1152 2814 vero
1166 2746 1250 2813 artis
1263 2766 1365 2834 quem
1387 2745 1546 2835 optimum

332 2926 422 2996 saepe
441 2904 571 2994 experti
590 2910 684 2990 sunt,
706 2904 764 2974 vix
778 2905 845 2973 sibi
861 2905 1005 2992 conscii,
1027 2911 1187 2975 exercent
1202 2910 1235 2975 et
1249 2905 1316 2974 hoc
1327 2927 1440 2974 unum
1460 2902 1543 2994 quod
1625 2944 1626 2947 =

332 3068 426 3135 intus
455 3065 585 3134 babent
610 3069 878 3156 persequuntur.
912 3064 1014 3148 Quod
1042 3065 1109 3134 sibi
1136 3070 1395 3156 proposuerunt
1423 3084 1549 3155 semper

332 3226 566 3311 recordantes,
587 3225 704 3294 omnia
724 3248 801 3316 quae
816 3226 860 3295 ab
880 3226 956 3294 aliis
976 3230 1185 3317 exceperunt
1207 3225 1261 3295 vel
1286 3224 1366 3293 olim
1389 3224 1457 3315 ipsi
1492 3221 1548 3293 sibi

333 3388 675 3473 commendaverunt,
693 3386 822 3455 sensim
838 3409 1041 3456 evanescere
1056 3391 1089 3455 et
1100 3386 1209 3477 perire
1229 3384 1421 3476 patiuntur.
1436 3386 1547 3474 ltaque

333 3547 414 3617 licet
442 3548 588 3615 fortasse
608 3546 759 3637 pessima
782 3548 823 3615 iis
840 3546 1043 3638 placuerint,
1071 3545 1295 3616 consiliorum
1310 3550 1345 3615 et
1358 3546 1547 3615 meditatio-

332 3733 417 3780 num
440 3710 670 3793 immemores,
695 3708 832 3777 tabulas
856 3730 898 3776 ex
922 3708 1017 3776 omni
1041 3712 1137 3800 parte
1165 3706 1386 3777 aestimandas
1409 3706 1500 3776 ultro
1519 3708 1547 3773 et

333 3876 457 3962 sponte
484 3870 678 3963 perficiunt.
710 3869 747 3939 si
770 3891 853 3939 vero
881 3892 899 3939 e
923 3870 1104 3961 praeceptis
1133 3867 1305 3938 delineare
1332 3868 1419 3937 forte
1434 3866 1545 3945 velint,

238 4047 242 4054 '
332 4033 449 4102 statim
464 4033 500 4100 in
518 4030 602 4101 vitio
617 4036 813 4101 versantur.

376 4193 486 4284 Cujus
515 4192 564 4261 rei
586 4192 659 4282 ipse
684 4190 839 4260 Carolus·
858 4191 909 4259 Le
938 4188 1035 4258 Brun
1059 4188 1307 4258 documentum
1332 4186 1543 4255 adnotatione

332 4357 476 4449 dignum
492 4355 623 4446 praebet
644 4376 651 4421 :
673 4374 754 4420 nam
767 4352 845 4442 quis
865 4350 986 4442 figuris
1007 4372 1092 4439 quas
1111 4348 1277 4441 expressit
1290 4348 1326 4416 in
1342 4348 1457 4418 libello
1473 4346 1541 4414 (lle
1621 4446 1622 4453 ἵ

332 4517 558 4606 l'expression
574 4515 635 4581 des
651 4513 814 4581 Passions
837 4535 851 4577 a
878 4511 1046 4600 inscripto
1066 4516 1106 4578 ut
1124 4532 1182 4578 eas
1200 4508 1361 4598 discipuli
1380 4508 1543 4575 imitaren-

327 4680 384 4742 tur
399 4673 656 4741 delectabitur?
686 4670 743 4736 cui
759 4668 962 4736 animalium
984 4673 1018 4735 et
1039 4669 1220 4737 hominum
1239 4668 1409 4758 imagines
1424 4664 1543 4756 quibus
