3275 5167
627 462 786 525 ..51-

74 641 322 731 amplectitur,
372 644 503 714 scilicet
556 671 571 712 a
599 668 666 736 que
703 644 840 715 l’utilite
868 643 910 714 de
949 644 982 711 la
1005 644 1163 735 peinture
1203 648 1257 714 est
1275 644 1318 713 de

73 802 199 893 plaire
241 827 309 874 aux
345 828 435 896 yeux
467 810 502 875 et
533 806 701 874 satisfaire
738 813 758 873 a
789 805 922 896 l'esprit
954 826 1016 895 per
1044 804 1078 872 la
1105 810 1315 895 representa-

73 963 159 1031 tion
193 965 254 1033 des
283 965 406 1036 choses
440 968 612 1054 absentes,
650 990 687 1037 ce
717 967 776 1057 qui
810 966 925 1057 oblige
957 965 989 1035 le
1028 965 1161 1056 peintre
1204 966 1317 1035 d’imi-

71 1128 130 1192 ter
163 1124 202 1194 le
230 1126 365 1195 natural
394 1150 437 1196 en
468 1151 507 1196 sa
547 1127 654 1197 verite
687 1133 720 1196 et
752 1128 794 1197 dc
832 1127 962 1196 choisir
996 1127 1046 1196 les
1080 1125 1158 1217 plus
1192 1132 1315 1218 agrec-

74 1285 157 1354 bles
191 1293 327 1378 aspecta
362 1312 377 1355 a
405 1290 465 1380 (l).
495 1290 614 1380 ltaque
648 1312 690 1358 ex
713 1287 981 1379 pulchritudinis
1009 1292 1159 1379 quatuor
1186 1289 1316 1379 prinoi-

74 1446 149 1536 piis
187 1471 266 1538 quae
290 1449 444 1540 exposita
474 1455 558 1519 sunt
585 1449 766 1520 delectatio
796 1450 942 1520 minime
980 1450 1175 1519 necessaria
1208 1450 1314 1521 fuisse

76 1606 361 1700 haudquaquam
395 1610 542 1680 videtur.

126 1771 314 1855 Attamen,
342 1771 506 1861 quoniam
528 1772 639 1862 pictor
664 1771 868 1862 praesertim
889 1771 947 1840 dat
967 1789 1107 1863 operam
1117 1776 1157 1841 ut
1184 1772 1318 1841 animos

81 1932 326 2019 spectantium
341 1932 449 2001 nobili
469 1933 620 2023 quodam
638 1933 766 2024 gaudio
782 1936 919 2002 moveat
928 1938 989 2002 aut
1003 1932 1227 2002 admiratione
1239 1934 1318 2003 effe·

83 2097 151 2178 rat,
179 2092 350 2161 veredici
373 2096 488 2184 potest
515 2114 635 2161 curam
666 2092 847 2183 gravitatis
880 2097 914 2160 et
938 2092 1203 2181 magnificentia
1225 2093 1317 2183 apud

82 2252 258 2322 Carolum
273 2254 320 2322 Lo
352 2254 449 2322 Brun
478 2252 701 2343 praestitisse.
725 2252 828 2335 Quod
852 2275 892 2321 ex
924 2252 1085 2321 omnibus
1116 2275 1195 2343 qnae
1222 2274 1317 2320 com-

82 2414 210 2503 posuit
224 2413 278 2483 vel
306 2413 423 2505 perfici
449 2413 555 2503 jussit
569 2414 653 2481 satis
674 2414 896 2482 manifestum
933 2418 995 2481 est.
1030 2413 1211 2503 Nusquam
1241 2413 1315 2503 qui·

83 2574 169 2643 dem
200 2575 283 2643 talia
314 2574 472 2643 absolute
491 2574 699 2644 declaravit:
723 2578 757 2642 at
771 2574 969 2643 meminisse
986 2578 1121 2665 oportet
1149 2596 1229 2644 eum
1247 2597 1318 2643 non

88 2759 133 2804 ex
171 2737 293 2806 ordine
313 2760 390 2828 quae
423 2736 465 2805 de
494 2740 567 2805 arte
595 2760 659 2805 sua
690 2735 837 2805 senserit
871 2736 1090 2822 disseruisse,
1112 2736 1171 2806 sed
1200 2736 1319 2805 brevia

84 2899 197 2967 verba
244 2899 285 2967 de
330 2898 475 2967 diversis
518 2896 768 2987 quaestionibus
804 2898 841 2965 in
889 2897 1078 2966 Academia
1119 2896 1318 2987 disceptetis

86 3056 275 3149 aliquoties
302 3058 443 3140 fecisse3
470 3079 575 3147 quare
599 3058 682 3125 satis
701 3060 753 3125 est
771 3055 813 3142 si,
837 3055 1005 3147 quidquid
1028 3054 1204 3146 scripserit
1227 3056 1318 3125 bona

86 3218 158 3288 fide
180 3224 434 3312 percurrentes
470 3221 637 3287 sentimus
658 3241 738 3287 eum
758 3218 836 3285 altae
863 3218 918 3286 vel
942 3217 1130 3286 reconditae
1159 3217 1315 3287 materiei

88 3381 290 3451 tabularum
309 3382 460 3472 primum
471 3380 588 3449 locum
606 3380 782 3449 tribuisse.
800 3381 847 3447 At
862 3401 970 3469 quum
993 3378 1036 3446 ad
1051 3379 1153 3447 istam
1169 3378 1318 3447 elatissi-

88 3564 183 3611 mam
203 3545 308 3611 finem
336 3542 515 3633 pervenire
534 3542 708 3611 neminem
745 3562 849 3632 posse
883 3540 1079 3626 arbitretur,
1119 3540 1186 3608 nisi
1224 3564 1316 3611 unus

90 3704 235 3773 affectus
260 3727 300 3772 ex
324 3725 426 3793 opere
460 3702 670 3793 percipiatur
696 3705 798 3790 atque
831 3722 886 3768 res
910 3701 1154 3769 convenienter
1183 3706 1317 3771 naturae

90 3864 292 3951 reddantur,
308 3864 478 3933 unitatem
495 3868 529 3930 et
547 3862 727 3930 veritatem
742 3860 825 3930 huic
849 3860 1043 3929 altitudinis
1061 3861 1313 3931 sententiarum

91 4024 206 4093 studio
227 4022 386 4093 comitari
398 4023 523 4114 jubet;
544 4045 621 4113 qnae
640 4022 786 4090 virtutes
814 4020 931 4089 minus
961 4043 1021 4111 per
1043 4020 1171 4113 seipsas
1199 4022 1316 4090 valent

91 4205 195 4275 quam
238 4186 330 4277 quod
374 4184 505 4275 aliquid
550 4182 730 4275 pulchrius
775 4181 894 4273 effingi
946 4182 1072 4252 sinant.
1127 4181 1315 4252 Delectatio

142 4663 183 4732 (1)
195 4658 242 4715 Cf.
258 4660 296 4716 H.
312 4658 461 4716 Testelin.
480 4656 682 4715 sentiments.
693 4695 700 4710 .
710 4690 735 4709 ..
753 4652 903 4707 Discours
919 4667 972 4706 sur
984 4650 1016 4708 la
1028 4650 1163 4707 couleur.
