3275 5167
860 464 1019 529 ..86-

307 651 443 743 .visage
463 652 555 742 plein
585 674 627 720 ne
650 651 759 719 forme
786 674 848 741 pas
869 651 917 719 les
936 654 1065 719 memes
1093 649 1158 741 plis
1183 672 1250 739 que
1273 650 1366 719 celui
1386 649 1445 740 qui
1464 667 1530 727 ‘sera

323 810 454 902 maigre
475 815 509 880 et
536 810 720 895 desseche;
748 834 797 879 un
825 832 905 901 gros
932 810 989 879 oeil
1013 810 1107 880 cleve
1136 833 1156 878 a
1183 810 1244 878 des
1269 832 1431 900 marques
1469 810 1535 878 bien

324 972 519 1042 diiierentes
540 971 582 1040 de
604 971 692 1040 celui
717 972 776 1062 qui
806 976 858 1039 est
883 972 968 1061 petit
989 977 1022 1040 et
1044 972 1199 1041 enionce.
1226 972 1274 1039 Le
1298 970 1430 1039 bilieux
1458 970 1536 1039 ales

323 1135 563 1200 mouvements
594 1136 670 1200 tout
704 1134 819 1200 autres
856 1152 923 1221 que
960 1130 991 1200 le
1024 1130 1245 1223 flegmatique
1265 1136 1299 1200 et
1319 1131 1351 1200 le
1377 1132 1533 1222 sanguim
1602 1116 1603 1123 ἵ

322 1290 605 1361 semblablement
637 1292 668 1360 ie
691 1291 829 1382 stupide
865 1290 939 1381 agit
964 1295 1040 1360 tout
1078 1314 1121 1359 au
1161 1291 1333 1360 contraire
1374 1293 1419 1360 de
1460 1291 1537 1359 celui

322 1452 381 1543 qui
410 1456 463 1521 est
489 1450 569 1521 bien
604 1458 719 1539 sense;
761 1452 910 1543 qu’ainsi
949 1450 980 1521 le
1022 1453 1155 1542 peintre
1190 1450 1262 1521 doit
1302 1452 1400 1521 avoir
1448 1451 1538 1543 egard

321 1615 477 1680 Atoutes
502 1634 558 1681 ces
583 1610 785 1681 differences
811 1634 900 1702 pour
928 1612 1124 1681 conformer
1151 1612 1201 1681 les
1237 1612 1456 1703 expressions
1488 1611 1537 1680 des

320 1772 478 1863 passions
507 1796 574 1841 aux
597 1777 789 1841 caracteres
812 1772 872 1842 des
900 1773 1038 1863 figures,
1069 1773 1140 1842 ala
1172 1774 1377 1865 proportion
1418 1780 1452 1842 et
1482 1796 1537 1841 aux

320 1938 482 2002 contours
498 1932 558 2024 (1).
575 1958 589 1999 s
609 1934 671 2001 His
687 1938 803 2001 autem
818 1954 882 2024 pro
902 1934 993 2002 veris
1014 1933 1154 2018 habitis,
1176 1934 1257 2025 quid
1272 1933 1414 2023 prodest
1430 1932 1532 2003 Caroli
1615 2016 1617 2037 ἐ

321 2093 368 2162 Le
399 2093 494 2162 Brun
519 2092 681 2162 libellus?
710 2092 859 2162 Difficile
881 2097 933 2161 est
962 2093 1073 2161 lectius
1102 2099 1137 2161 et
1160 2093 1329 2163 urbanius
1354 2095 1531 2162 vanitatem

321 2252 414 2321 illius
451 2259 704 2345 praeceptorum
740 2253 895 2323 deridere
929 2277 937 2325 ε
972 2255 1064 2345 quod
1094 2259 1209 2323 tamen
1237 2254 1458 2324 Academicis
1484 2254 1538 2321 mi-

321 2414 414 2482 nime
442 2414 477 2481 in
511 2414 626 2483 animo
648 2415 726 2484 tuit.
748 2416 837 2483 Nam
866 2438 986 2485 omnes
1019 2415 1181 2485 Caroium
1220 2416 1268 2484 Le
1304 2416 1402 2484 Brun
1437 2414 1534 2484 colue-

323 2577 405 2642 runt
432 2574 496 2665 (2);
522 2573 716 2643 Blanchard
750 2575 824 2666 ipse
856 2598 933 2666 quae
966 2576 1088 2643 scribit
1118 2575 1160 2643 ad
1189 2574 1299 2643 nubes
1323 2575 1443 2661 eiiert3
1473 2572 1537 2643 Coi-

373 3166 418 3237 (1)
433 3164 479 3221 Cf.
497 3164 646 3221 Testelin.
666 3164 871 3233 Sentimenta
883 3165 936 3221 ed.
958 3166 1036 3237 1696.
1050 3167 1200 3223 Discoure
1220 3183 1277 3223 sur
1292 3166 1500 3240 l’expression.
1510 3192 1537 3204 -

319 3262 403 3333 Quia
416 3263 553 3318 Testelin
568 3262 715 3333 scripsit:
734 3285 747 3315 a
764 3280 804 3318 on
824 3280 991 3336 remarqua
1006 3285 1031 3332 a,
1048 3264 1163 3337 aliquis
1179 3264 1327 3321 arbitrari
1339 3273 1443 3337 potest
1464 3264 1537 3319 iilum

320 3362 362 3416 Le
375 3361 469 3429 Brun,
493 3376 556 3415 non
576 3359 781 3416 Academiam
810 3361 1055 3433 signisscavisse3
1075 3362 1176 3419 fateor
1204 3362 1299 3419 etiam
1323 3362 1411 3418 illum
1435 3361 1536 3433 saepius

320 3458 479 3513 hominem
507 3456 675 3530 quemdam
700 3475 795 3531 quam
820 3458 1025 3515 Academiam
1045 3460 1220 3533 significare
1243 3460 1343 3517 solere
1366 3461 1426 3516 hoc
1453 3458 1536 3515 verbo

319 3573 337 3608 u
350 3572 391 3610 on
407 3576 431 3609 a.
448 3553 490 3609 At
505 3554 533 3609 si
548 3555 589 3609 Le
603 3554 686 3609 Brun
698 3556 775 3611 tatia
790 3555 870 3611 dixit
884 3573 989 3612 secum
1004 3558 1081 3613 mire
1096 3558 1247 3615 dissensit
1272 3557 1417 3614 Ceterum
1432 3558 1459 3612 si
1470 3555 1536 3612 veiis

319 3652 407 3707 ilium
422 3653 467 3708 sic
482 3652 700 3721 demonstrari,
716 3670 754 3709 ea
769 3670 839 3727 quae
859 3654 1010 3710 concludo
1025 3654 1064 3711 de
1079 3656 1173 3728 hujus
1186 3655 1291 3713 libello
1307 3656 1403 3711 etiam
1424 3655 1535 3711 veriora

321 3758 404 3806 sunt.

369 3876 414 3949 (2)
428 3877 575 3934 Attamen
596 3876 748 3934 Claudius
771 3877 903 3934 Nivelon
927 3878 1098 3951 quamdam
1113 3879 1285 3935 orationem
1303 3878 1342 3935 de
1361 3880 1448 3935 vultu
1475 3876 1536 3933 allu-

322 3977 399 4032 dens
416 3993 423 4031 :
438 3995 456 4032 «
467 3977 501 4033 Je
518 3977 584 4033 sais
598 3977 681 4045 bien,
696 3976 808 4048 inquit,
823 3976 896 4049 qu’it
911 3994 932 4048 y
945 3994 965 4032 a
980 3976 1037 4032 des
1056 3994 1228 4049 personnes
1243 3978 1297 4051 qui
1309 3986 1374 4047 ont,
1390 3978 1476 4034 selon
1483 3977 1536 4031 leur

320 4075 450 4147 passion
471 4075 558 4148 parle'
572 4075 612 4130 de
637 4081 686 4130 cet
710 4090 849 4147 ouvrage
874 4074 1085 4131 diversement
1099 4075 1235 4147 (scilicet
1252 4074 1414 4149 maligne).
1435 4076 1488 4131 Vie
1508 4072 1536 4127 de

303 4211 305 4216 .
321 4172 364 4226 Le
378 4172 481 4241 Brun,
496 4189 529 4244 p.
550 4188 612 4227 221.
629 4204 663 4212 --
676 4172 722 4227 De
736 4172 807 4242 ipso
828 4170 933 4227 libello
950 4172 1160 4244 l'lt'xpression
1180 4172 1233 4229 des
1256 4174 1403 4229 Passiona
1418 4171 1534 4227 scribit:

320 4294 333 4324 ι
359 4272 509 4344 quelques
537 4271 719 4344 particulier
743 4286 798 4325 s...
824 4285 899 4324 sans
924 4286 958 4325 se
983 4269 1101 4325 donner
1124 4271 1156 4326 la
1178 4272 1269 4343 peine
1294 4270 1333 4326 de
1362 4268 1536 4326 resse'chirt

321 4388 356 4428 ce
368 4371 445 4425 haut
458 4370 565 4426 savoir
580 4370 655 4443 qu'il
673 4370 732 4442 (Le
752 4370 852 4443 Brun)
864 4368 1029 4443 possedait
1043 4386 1084 4423 au
1107 4368 1202 4442 degre
1216 4386 1276 4443 que
1300 4369 1360 4423 1'0n
1381 4376 1455 4439 peut
1470 4366 1535 4430 noir,

320 4478 374 4524 ont
387 4469 539 4539 pretendu
552 4469 626 4540 qu'ii
641 4469 728 4523 avait
741 4470 800 4524 tire
829 4469 876 4524 les
898 4467 986 4522 idees
1012 4466 1050 4522 de
1072 4467 1212 4523 l'illustre
1236 4467 1277 4522 M.
1290 4464 1512 4522 Deiachambre
1523 4480 1536 4515 r>

318 4565 364 4635 (p.
387 4566 461 4637 195).
487 4566 629 4638 Plerique
644 4574 760 4634 tamen,
775 4565 949 4637 praesertim
974 4565 1006 4619 in
1029 4564 1211 4633 Academia,
1232 4564 1381 4621 Carolum
1400 4566 1441 4619 Le
1463 4564 1535 4618 Brun

319 4669 538 4731 suspexerunt.
