3275 5167
598 447 781 511 -25-

79 638 186 723 xvnffl,
244 635 304 705 sed
363 635 405 703 ad
452 637 587 703 aetatem
623 658 693 724 qua
736 634 875 703 Colbert
924 654 981 701 eas
1033 631 1100 700 coli
1149 654 1307 722 expresse

76 797 220 886 jusserit
252 794 508 887 respiciendum
536 795 591 864 sit.
610 796 701 885 Ergo
732 818 801 887 quo
832 794 935 863 modo
970 816 1045 863 sese
1072 797 1157 862 tunc
1182 792 1311 861 habue-

80 958 149 1025 rint
177 958 253 1049 jam
281 962 440 1027 accurate
469 956 784 1026 considerabimus

122 1482 405 1574 Haudquaquam
429 1481 556 1551 similia
588 1482 729 1551 suerunt
747 1479 923 1571 colloquia
937 1478 972 1548 in
987 1478 1175 1548 Academia
1189 1478 1308 1546 habita

77 1644 294 1713 orationibus
322 1666 409 1734 quas
443 1644 549 1712 hodie
578 1642 667 1713 Galli
704 1642 1001 1711 «conferentes»
1033 1644 1160 1709 vocant
1187 1664 1194 1707 :
1226 1663 1306 1708 nam

79 1827 187 1893 quum
213 1805 249 1872 in
273 1805 329 1873 his
353 1828 447 1873 unus
468 1802 521 1871 vir
544 1803 639 1889 dicit,
667 1808 712 1889 et,
728 1808 914 1893 postquam
939 1803 1033 1893 loqui
1056 1802 1168 1887 desiit,
1187 1823 1307 1869 omnes

80 1966 223 2051 abeunt,
251 1966 288 2033 in
315 1965 384 2033 illis
408 1969 530 2033 contra
555 1964 675 2033 artifex
695 1964 836 2054 quidam
861 1962 1026 2053 pingendi
1046 1961 1101 2030 vel
1128 1960 1309 2051 sculpendi

80 2129 211 2217 peritus
236 2150 341 2218 quam
360 2126 562 2195 brevissime
590 2126 735 2193 virtutes
764 2130 824 2193 aut
846 2125 931 2192 vitia
956 2122 1070 2214 operis
1098 2122 1164 2191 sub
1194 2119 1304 2190 oculis

80 2288 238 2357 omnium
255 2287 359 2378 positi
373 2286 631 2356 demonstrabat
655 2284 749 2354 etde
774 2308 841 2354 usu
862 2284 987 2352 artium
1010 2283 1115 2351 verba
1136 2280 1307 2363 faciebat3

80 2448 203 2518 deinde
217 2472 338 2518 omnes
354 2449 413 2539 qui
432 2450 526 2518 hunc
546 2448 726 2517 audierant
736 2448 826 2515 inter
844 2469 881 2539 se
896 2446 937 2514 de
953 2444 1052 2513 dictis
1067 2443 1307 2534 disputabant,
1416 2448 1422 2454 ’

80 2608 190 2679 donec
213 2613 388 2700 postremo
418 2610 547 2677 exista
573 2608 793 2678 contentione
816 2606 955 2697 aliquod
981 2609 1184 2697 preceptum
1212 2604 1306 2695 quod

78 2770 278 2839 Academici
288 2770 466 2860 discipulis
483 2769 804 2839 commendarentet
819 2769 1038 2857 imponerent
1048 2769 1304 2856 excerperetur.

80 2930 129 2998 lta
157 2932 195 2999 in
224 2935 293 3000 tres
321 2935 435 3021 partes
474 2929 686 3020 colloquium
721 2928 938 2997 dividebatur
969 2951 975 2996 :
1008 2927 1160 3017 primum
1193 2925 1304 2993 oratio

80 3090 256 3180 agebatur,
296 3089 419 3159 deinde
461 3090 637 3158 contentio
674 3089 863 3175 oriebatur,
905 3087 1052 3177 deniqne
1091 3089 1305 3176 praeceptum

80 3249 338 3335 deducebatur;
369 3250 412 3319 de
444 3250 571 3341 quibus
603 3250 707 3319 rebus
736 3249 921 3340 separatim
959 3270 1071 3338 pauca
1105 3244 1304 3314 disserenda

83 3417 174 3483 sunt.

123 3572 497 3663 Colbert‚‘quanquam
527 3570 691 3639 orationis
720 3568 897 3637 materiem
924 3568 1093 3637 subtiliter
1122 3565 1307 3636 definierat

83 3737 114 3800 et
126 3733 297 3823 imprimis
311 3731 446 3802 tabulas
466 3731 568 3821 Regis
584 3731 625 3799 ab
642 3730 830 3799 artificibus
845 3728 1011 3820 perpendi
1031 3727 1199 3813 voluerat,
1213 3727 1305 3795 hanc

81 4359 188 4407 auctor
200 4351 259 4408 fuit
269 4351 452 4424 Desportes,
464 4352 595 4425 legitur:
613 4352 691 4408 «On
705 4370 724 4409 a
747 4354 890 4425 touJ'onrs
910 4370 953 4408 vu
980 4352 1020 4409 de
1035 4360 1104 4425 trop
1120 4352 1249 4423 leugues
1275 4358 1306 4406 et

85 4454 152 4521 trop
167 4449 347 4522 frequentes
359 4449 612 4523 interruptionsa
626 4459 675 4507 cet
689 4451 829 4507 exercice
847 4450 1020 4507 infiniment
1030 4448 1220 4505 convenable
1234 4447 1309 4520 qu'il

84 4548 176 4603 serait
188 4550 341 4619 peut-etre
357 4549 376 4602 a
392 4547 552 4604 souhaiter
564 4548 656 4621 qu'on
670 4553 726 4620 put
745 4555 891 4604 remetire
910 4564 950 4602 en
968 4548 1099 4619 vigueur
1112 4564 1139 4601 ».
1160 4545 1218 4618 (N⁰
1245 4544 1307 4613 166,

81 4643 110 4699 in
122 4645 224 4703 indice
239 4645 518 4717 chirographorum
532 4646 731 4703 Bibliothecae
746 4664 764 4701 «
774 4646 814 4702 dc
835 4644 948 4701 l’Ecole
969 4644 1026 4700 des
1046 4643 1244 4700 Beaux-Arts
1261 4644 1303 4716 a).
