3275 5167
600 390 841 501 ..7..'

69 624 102 689 et
116 620 339 693 lumineuses
355 644 415 691 sur
430 622 479 691 les
513 622 688 714 principes
707 620 753 691 du
769 621 886 691 dessin
919 644 963 691 en
991 624 1066 690 tant
1092 644 1160 713 que
1182 622 1305 713 simple

67 782 264 868 imitation,
280 805 341 852 sur
356 780 389 851 la
404 781 556 851 maniere
571 781 758 851 d'enrichir
769 784 803 850 et
817 780 986 850 d'anoblir
1001 780 1091 851 celui
1106 781 1215 871 quise
1229 781 1302 867 fait,

68 942 210 1033 d'apres
231 944 263 1013 le
282 942 429 1029 naturel,
447 942 507 1011 des
522 942 663 1012 beautes
678 942 720 1011 de
734 941 912 1033 l'nntique,
942 964 1004 1010 sur
1032 941 1063 1010 le
1078 947 1251 1011 caractere
1272 945 1306 1013 et

67 1104 98 1172 le
114 1105 244 1175 merite
261 1105 302 1173 de
318 1104 408 1175 celui
423 1104 482 1173 des
497 1104 626 1195 grands
641 1103 797 1173 hommes
818 1103 860 1172 de
889 1101 1007 1172 l'ecole
1030 1100 1199 1172 Romaine
1214 1106 1247 1171 et
1264 1103 1305 1173 de

69 1264 155 1333 celle
176 1264 223 1334 de
239 1264 405 1356 Bologne,
423 1264 516 1333 enfin
531 1286 590 1333 sur
608 1267 685 1332 tout
700 1286 737 1333 ce
762 1264 823 1353 qui
844 1262 988 1355 pouvait
1016 1263 1112 1331 avoir
1125 1266 1304 1354 rapportt

69 1430 158 1495 cette
168 1425 283 1517 partie
298 1424 620 1495 fondamentaledes
628 1424 849 1493 beaux-arts»
862 1423 921 1514 (i).
938 1422 1034 1493 Nihil
1044 1446 1086 1493 ex
1097 1424 1152 1492 his
1176 1428 1305 1494 extem-

69 1586 257 1677 poralihus
268 1586 484 1655 orationihus
496 1590 671 1655 servatum
682 1590 745 1669 est,
759 1608 847 1675 quae,
863 1586 1034 1675 quamvis,
1050 1607 1092 1654 ex
1102 1585 1213 1654 aetatis
1224 1607 1304 1654 con-

71 1747 273 1834 suetudine,
318 1746 484 1816 Italorum
532 1746 704 1815 artificum
745 1745 847 1815 laude
879 1745 1122 1833 redundarent,
1157 1746 1303 1815 tortasse

71 1930 201 1976 nervos
219 1912 252 1976 et
267 1907 472 1998 sanguinem
493 1907 664 1975 habebant
683 1909 716 1974 et
731 1905 910 1997 discipulis
930 1904 1129 1996 proderant.
1159 1904 1303 1974 Nullum

71 2069 221 2137 duhium
241 2072 291 2137 est
310 2068 395 2158 quin
420 2066 567 2158 comptis
586 2070 620 2135 et
645 2066 839 2157 magnificis
858 2065 987 2150 verbis,
1009 2065 1132 2134 deinde
1162 2063 1301 2150 habitis,

53 2213 176 2321 ‘longe
194 2220 428 2321 praeStiterint.

119 2392 263 2461 Etenim
314 2414 404 2459 anno
447 2390 621 2458 MDGLIII
664 2388 840 2480 colloquia
890 2392 1004 2479 coepta
1059 2391 1141 2456 sunt
1209 2390 1302 2455 certa

73 2554 211 2622 ratione
247 2552 395 2635 institui,
425 2574 495 2620 non
525 2550 664 2642 quidem
697 2556 738 2620 ut
769 2549 931 2619 omnihus
974 2550 1100 2619 artium
1139 2548 1303 2618 studiosis

74 2712 175 2781 utilia
200 2719 325 2800 essent,
359 2712 419 2782 sed
448 2717 488 2782 ut
525 2712 644 2780 oculos
672 2711 912 2802 imperitorum
946 2710 995 2800 (id
1027 2715 1080 2779 est
1110 2709 1301 2779 alienorum

75 2875 250 2943 artificum
266 2856 489 2964 ⁴quibuscum
514 2876 598 2941 tunc
618 2876 856 2941 convenerunt
887 2871 1100 2958 Academici)
1127 2873 1302 2961 praestrin-

76 3039 209 3122 gerent,
258 3035 330 3123 qui,
371 3039 467 3102 tanta
508 3033 701 3103 eruditione
740 3032 942 3101 humiliores
980 3031 1073 3112 facti,
1111 3032 1239 3099 sensim
1283 3056 1303 3098 a

77 3196 226 3265 coetibus
252 3193 478 3263 discederent.
497 3194 604 3284 Cujus
625 3193 673 3262 rei
694 3194 761 3261 hoc
778 3190 1025 3261 documentum
1047 3191 1301 3282 chirographus

79 3356 318 3426 «Relation...
346 3378 360 3422 r
390 3354 577 3446 inscriptus
606 3354 779 3445 praebuit:
813 3353 971 3422 «Toutes
991 3374 1047 3420 ces
1072 3351 1194 3420 choses
1217 3351 1303 3420 ohli-

77 3522 198 3604 gerent
212 3516 422 3585 l'Academie
442 3515 483 3584 de
502 3537 626 3606 penser
646 3539 690 3583 au
706 3536 831 3606 moyen
864 3514 905 3583 de
939 3536 975 3583 se
995 3512 1143 3607 delivrer
1176 3512 1218 3581 de
1241 3534 1297 3580 ces

80 4047 92 4079 r
117 4029 251 4085 honorer
274 4027 342 4084 leur
364 4028 513 4084 memoire
534 4046 552 4083 n
566 4028 632 4083 vita
655 4025 818 4082 defunctos
839 4024 1035 4084 solummodo
1050 4026 1170 4082 decent.
1192 4025 1302 4099 ltaque

79 4134 153 4195 puto
181 4126 422 4200 chirographum
447 4124 517 4182 5332
545 4125 655 4199 (Index
687 4124 965 4197 chirographorum
983 4124 1185 4180 Bibliothecae
1219 4146 1233 4177 e
1263 4124 1303 4179 de

79 4223 230 4282 l'Arsenal
236 4226 265 4295 »)
271 4224 393 4281 circiter
403 4241 484 4280 anno
493 4222 603 4280 MDCC
612 4223 819 4295 compositum
828 4230 886 4291 est;
896 4223 950 4295 qui
957 4222 1087 4278 maximi
1098 4222 1303 4278 aestimandus

80 4331 134 4392 est,
149 4323 208 4379 etsi
219 4323 377 4395 ignoretur
390 4339 502 4378 nomen
516 4322 677 4394 scriptoris
694 4338 701 4377 :
717 4338 791 4376 nam
806 4338 900 4377 verus
915 4328 1025 4377 auctor
1039 4320 1177 4377 Testelin
1194 4320 1261 4388 suit,
1282 4336 1302 4375 a

80 4436 139 4491 quo
154 4421 288 4493 scriptor
301 4420 419 4477 tradite
435 4420 565 4492 aceepit.
580 4419 637 4475 Hic
646 4427 751 4475 autem
771 4418 919 4487 Testelin,
934 4419 1027 4474 nimis
1042 4417 1168 4491 quidem
1181 4416 1302 4473 Acade·

79 4518 147 4574 miae
160 4518 281 4587 favone,
297 4518 404 4591 gravis
420 4527 451 4575 et
465 4534 569 4573 rerum
582 4518 696 4573 certior
709 4516 811 4573 factus
824 4518 914 4572 testis
929 4516 996 4571 fuit.

129 4642 173 4715 (1)
187 4643 355 4699 Memoires
369 4643 484 4701 inedits
499 4659 576 4718 pour
590 4642 739 4700 servir...
757 4641 806 4697 ed.
822 4642 862 4697 de
876 4640 1080 4713 Montaiglon,
1093 4658 1125 4713 p.
1140 4640 1185 4711 49.
