3275 5167
628 413 819 489 -43-,

72 594 169 663 miae
191 597 375 687 aggregari
395 619 518 687 passus
535 598 591 684 sit,
612 600 729 666 omnia
748 598 893 690 exprimi
907 599 1042 690 pictura
1056 621 1158 689 posse
1177 598 1320 668 arbitra-

72 760 165 823 tum
182 780 272 843 esse,
288 757 337 825 ita
351 760 466 826 tamen
480 762 520 826 ut
535 758 679 847 dignum
694 762 727 827 et
741 759 869 827 elatum
884 760 1058 850 quoddam
1077 761 1114 828 iu
1129 760 1273 829 minima
1289 765 1322 829 et

72 917 288 985 humillima
311 917 454 986 materie
478 922 685 988 servaretur,
710 918 801 1001 Quid
824 919 969 1009 dignum
990 924 1024 989 et
1047 920 1175 989 elatum
1195 942 1323 989 vocan-

74 1076 179 1144 dum
203 1078 259 1164 sit,
285 1100 379 1146 nunc
407 1078 546 1168 quidern
575 1080 704 1170 pressis
731 1084 763 1148 et
787 1079 973 1149 subtilibus
996 1081 1111 1150 verbis
1137 1080 1323 1150 difficulter

75 1238 335 1327 explanarem:
372 1243 535 1326 attamen,
563 1239 674 1308 donec
702 1245 987 1330 argumentorum
1014 1241 1235 1311 multitudine
1267 1264 1322 1311 res

75 1399 231 1489 plenius
246 1398 419 1468 intellecta
438 1400 512 1485 erit,
530 1400 642 1467 dicam
662 1400 807 1490 dignum
828 1406 861 1470 el
880 1401 1010 1470 elatum
1031 1402 1230 1471 habendum
1249 1425 1324 1471 esse

77 1560 189 1650 quod
210 1560 414 1649 gravitatem
435 1561 585 1629 auctoris
605 1566 798 1652 spectantes
818 1564 1007 1632 reverentis
1021 1568 1055 1631 et
1074 1563 1190 1653 turpia
1209 1563 1326 1632 vitan·

78 1722 133 1790 tis
167 1720 337 1811 significat
358 1726 393 1789 et
415 1726 571 1790 testatur.
613 1722 826 1812 Itaqueiam
853 1724 1057 1791 asseverabo
1082 1722 1244 1792 Carolum
1275 1723 1322 1790 Le

82 1884 194 1951 Brun
217 1883 306 1951 hanc
329 1882 441 1971 legem
467 1882 644 1970 dignitatis
664 1882 700 1948 in
721 1882 816 1950 omni
835 1905 871 1950 re
891 1830 1030 1952 tuendae
1051 1883 1193 1950 firmiter
1222 1904 1324 1949 cons-

82 2043 247 2111 tituisse.

139 2204 281 2273 Etenim
332 2227 352 2272 a
403 2203 546 2272 Nicolao
596 2204 744 2273 Poussin
786 2226 890 2294 quem
940 2226 1075 2295 semper
1122 2203 1240 2272 dilexit
1292 2208 1326 2272 et

86 2364 248 2435 excoluit
282 2364 436 2433 studium
474 2364 731 2433 reconditarum
770 2371 803 2433 et
842 2364 1037 2433 doctarum·
1074 2365 1322 2433 sententiarum

87 2530 286 2616 acceperat.
336 2524 463 2593 Mirum
505 2525 645 2615 quidem
701 2525 822 2594 luisset
868 2526 897 2592 si
945 2525 1069 2594 Carolo
1113 2526 1160 2593 Le
1211 2526 1321 2610 Brun,

91 2713 107 2755 r
135 2685 281 2777 pictoris
319 2686 560 2775 philosophi»
599 2684 784 2776 discipulo,
816 2687 924 2754 fracta
953 2691 986 2755 et
1015 2686 1150 2755 minuta
1188 2685 1326 2754 tabula-

89 2869 178 2915 rum
215 2846 374 2914 materies
411 2846 609 2935 placuisset.
644 2846 724 2914 Non
755 2845 869 2915 solum
899 2846 987 2913 nihil
1011 2846 1197 2915 delineavit
1226 2845 1318 2934 quod

92 3006 291 3076 demissum
344 3004 398 3073 vel
448 3011 549 3098 turpe
591 3006 647 3091 sit,
696 3006 755 3073 sed
809 3005 913 3073 etiam
955 3027 1010 3073 res
1047 3005 1197 3072 laetiores
1239 3026 1325 3093 quas

91 3165 230 3235 effinxit
272 3188 312 3233 ea
352 3164 519 3255 gravitate
562 3165 699 3234 ornavit
740 3168 779 3233 ut
824 3186 960 3253 semper
1016 3162 1234 3233 verecundus
1296 3166 1330 3231 et

93 3326 210 3395 elatus
260 3326 356 3395 visus
404 3325 458 3394 sit.
509 3324 610 3407 Quod
656 3325 685 3392 si
728 3324 874 3393 certiora
928 3324 1168 3395 documenta¹
1199 3322 1328 3390 amoris
1458 3308 1462 3311 ’

96 3506 171 3575 quo
223 3484 425 3575 dignitatem
476 3488 509 3551 et
563 3484 781 3552 altitudinem
842 3483 1063 3552 historiarum
1111 3483 1146 3550 in
1202 3482 1329 3551 tabulis

96 3667 342 3735 expressarum
382 3649 588 3735 prosecutus
622 3643 666 3711 sit
710 3643 841 3733 cuplae,
891 3643 981 3711 hanc
1024 3643 1202 3733 graphidis
1245 3643 1341 3729 defi-³

98 3805 271 3873 nitionem
324 3803 418 3894 legas
467 3826 606 3873 necesse
657 3808 709 3871 est
745 3826 751 3871 :
804 3827 818 3869 r
867 3802 921 3871 On
960 3802 1033 3869 doit
1084 3802 1207 3871 savoir‘
1246 3801 1331 3891 qu'il

98 3990 123 4057 y
165 3990 185 4033 a
223 3966 313 4033 deux
362 3969 471 4032 sortes
522 3962 563 4031 de
614 3964 743 4047 dessin‚
792 3964 865 4031 l’un
907 3963 967 4051 qui
1015 3966 1068 4029 est
1121 3962 1333 4031 intellectucl
1378 4004 1380 4006 >

100 4150 148 4195 ou
185 4125 379 4215 theorique‚
417 4129 450 4193 et
482 4124 604 4191 l'autrc
637 4084 808 4213 prolique.
844 4122 919 4203 Quo
945 4122 975 4209 le
1012 4124 1161 4212 premier
1198 4122 1333 4212 depend
1369 4206 1371 4210 Α

101 4289 285 4376 purement
318 4285 359 4352 dc
398 4281 663 4373 l'imagination,
706 4282 789 4371 qu'il
828 4281 1009 4370 s'exprime
1039 4304 1102 4371 par
1135 4282 1193 4350 des
1232 4304 1334 4372 paro-

101 4446 150 4513 les
179 4448 213 4512 et
246 4466 282 4511 se
310 4443 442 4533 re'pand
485 4442 571 4510 dans
610 4446 724 4509 toutes
767 4440 816 4507 les
851 4440 1078 4529 productions
1108 4439 1150 4506 de
1189 4440 1331 4528 l'esprit.

102 4606 177 4689 Quo
225 4604 256 4671 le
298 4603 413 4671 dessin
463 4602 620 4693 pratique
662 4606 713 4669 est
768 4598 908 4688 produit
958 4622 1021 4689 par
1080 4597 1334 4670 l'intecllectuel
