3275 5167
602 462 760 525 ..57-

95 647 383 718 Delectabuntur
402 647 495 717 oculi
514 647 543 715 si
558 646 704 739 pulchra
716 645 794 715 visu
815 647 969 715 imitatus
983 645 1063 747 eris,
1080 646 1195 736 turpia
1210 668 1292 716 vero

44 804 241 877 vitaveris,
273 807 393 896 ltaque
417 805 562 874 Carolus
582 805 630 873 Le
650 806 745 875 Brun
761 804 970 895 antiquitati,
998 810 1037 874 ut
1064 803 1292 895 pulchritudi-

44 963 120 1048 nis,
138 965 252 1034 etiam
268 965 304 1034 in
324 965 518 1057 agrestibus
537 969 571 1036 et
590 964 735 1035 rudibus
751 964 965 1050 hominibus,
986 963 1122 1054 cupidae
1142 962 1290 1049 studuit,

46 1129 83 1193 et
114 1148 249 1195 omnes
288 1147 469 1195 mensuras
498 1125 573 1216 ejus
605 1124 742 1217 generis
778 1126 970 1216 figurarum
1003 1147 1021 1194 e
1054 1124 1173 1194 Fauno
1209 1123 1294 1195 deli-

46 1287 155 1355 neari
203 1286 380 1377 praecepit.
425 1285 535 1354 Panni
585 1284 769 1377 praecipue
806 1289 840 1354 et
883 1284 1015 1367 sordes,
1055 1307 1126 1355 uon
1175 1286 1293 1356 minus

47 1471 91 1516 ac
113 1445 326 1516 deformitas
341 1445 613 1515 mendicantium
627 1445 812 1533 arcebitur,
830 1445 897 1513 nisi
908 1444 1125 1515 lineamentis
1145 1450 1179 1515 et
1200 1447 1296 1516 colo-

49 1608 161 1677 ribus
174 1606 433 1698 jucunditatem
454 1607 639 1697 quamdam
655 1604 766 1675 oculis
782 1606 903 1676 afferat
918 1610 951 1676 et
969 1607 1185 1677 reconditum
1204 1630 1293 1699 pau-

47 1770 208 1860 pertatis
229 1792 370 1839 sensum
384 1770 500 1861 potius
515 1792 619 1860 quam
647 1772 783 1860 turpem
802 1768 963 1860 pauperis
993 1769 1174 1859 cujusdam
1204 1768 1290 1838 ima·

49 1930 181 2017 ginem
201 1929 323 1999 reddat
336 1928 397 2020 (1).
416 1929 592 2020 Quidquid
607 1928 741 1997 animos
769 1933 906 1999 moveat
938 1934 971 1998 et
995 1930 1117 1999 oculos
1145 1929 1293 1999 delectet

50 2089 284 2181 experientur
303 2089 471 2181 pictores:
494 2090 661 2180 quidquid
681 2090 836 2182 corporis
857 2095 970 2159 motus
991 2090 1134 2159 suscitet
1155 2095 1188 2159 et
1208 2112 1292 2159 ocu-

50 2247 108 2317 los
125 2249 236 2318 laedat
250 2249 422 2320 emittent.
435 2250 555 2340 ltaque
568 2249 622 2318 bis
636 2250 750 2319 verbis
763 2250 913 2319 Andreae
924 2249 1078 2320 Felibien
1089 2251 1162 2319 veri
1179 2249 1291 2319 simile

53 2415 109 2479 est
126 2410 296 2480 Carolum
315 2411 363 2478 Le
382 2411 476 2479 an
504 2433 684 2480 assensum
704 2433 797 2480 esse:
824 2435 838 2478 c
861 2410 1013 2495 Quanta
1037 2411 1069 2480 la
1088 2411 1210 2480 beaute
1230 2411 1292 2481 des

51 2575 207 2661 pensees
231 2571 318 2639 dans
344 2569 377 2639 la
410 2570 617 2663 disposition
644 2571 686 2640 de
710 2575 824 2641 toutes
854 2572 990 2662 choseS,
1018 2572 1083 2641 elle
1103 2573 1289 2642 consistet

54 2735 278 2823 representer
295 2755 344 2801 un
363 2732 454 2822 sujet
473 2732 576 2801 d’uue
596 2731 748 2801 maniere
777 2733 937 2823 agreable
954 2738 988 2802 et
1007 2733 1175 2825 elegante,
1205 2738 1239 2803 et
1273 2741 1293 2801 a

55 2891 200 2960 donner
213 2899 234 2959 a
247 2895 360 2977 toutes
379 2892 428 2959 les
447 2892 575 2981 figures
595 2914 662 2960 une
678 2891 880 2982 expression
895 2892 1053 2982 agreable
1078 2893 1137 2982 qui
1166 2915 1208 2962 ne
1224 2892 1291 2961 soit

55 3054 93 3121 ni
112 3059 195 3144 trop
212 3053 316 3123 faible
335 3053 371 3120 ni
391 3057 469 3144 trop
493 3054 593 3140 forte,
614 3060 635 3120 a
653 3056 795 3122 trouver
818 3052 878 3121 des
899 3058 1088 3122 caracteres
1114 3072 1290 3122 convena-

56 3210 134 3282 bles
155 3218 176 3279 a
195 3212 328 3303 chaque
348 3234 519 3304 personne
538 3218 572 3281 et
591 3213 651 3303 qui
673 3234 717 3281 ne
738 3215 856 3303 gatent
874 3213 973 3303 point
995 3212 1080 3283 celle
1107 3213 1167 3302 qui
1195 3217 1246 3281 est
1261 3211 1294 3279 la

114 3684 166 3759 (1)
180 3684 268 3741 Hanc
284 3685 472 3743 seutentiam
495 3684 620 3741 omnino
642 3680 811 3742 illustravit
838 3685 1045 3743 Sebastianus
1069 3686 1225 3751 Bourdon‚
1254 3687 1295 3743 de

58 3783 158 3839 coecis
175 3797 194 3838 a
209 3780 332 3839 Christo
348 3784 470 3840 sanatis
484 3783 517 3839 in
535 3783 644 3840 tabula
659 3783 798 3856 quadam
813 3783 934 3839 Nicoiai
963 3784 1097 3840 Poussin
1120 3785 1294 3841 orationem

59 3895 183 3954 agens:
199 3880 225 3953 [α
252 3880 314 3937 Ces
340 3881 489 3953 aveugles
517 3898 578 3954 que
605 3882 743 3938 d'autres
767 3882 907 3954 peintrcs
935 3883 1079 3939 auraient
1103 3899 1157 3938 cru
1186 3882 1294 3939 devoir

58 3978 176 4035 rendre
188 3976 348 4035 difformes
362 3986 394 4034 et
408 3979 590 4035 contreiaits
604 3995 684 4051 pour
694 3979 801 4035 mieux
813 3979 892 4037 iairc
906 3984 1045 4053 paraitre
1058 3980 1125 4036 leur
1134 3980 1249 4037 misere
1264 3988 1295 4037 et

59 4077 130 4134 leur
144 4075 309 4134 mendicite
321 4076 407 4133 n’ont
419 4076 486 4133 rien
500 4076 539 4133 de
549 4076 614 4134 laid
623 4077 656 4132 ni
667 4076 707 4133 de
720 4077 854 4134 idcbeux
875 4078 983 4144 bvoir,
1005 4086 1036 4135 et
1064 4078 1239 4153 cependant
1252 4077 1293 4135 ils

59 4192 100 4231 ne
114 4174 249 4230 laissent
263 4190 323 4247 pas
336 4174 527 4250 d'avoirldes
546 4190 695 4246 marques
710 4190 800 4231 assez
814 4175 975 4232 evidentes
991 4176 1030 4233 de
1042 4177 1109 4233 leur
1121 4178 1292 4250 pauvrete;

60 4280 94 4330 et
105 4272 184 4328 c’est
196 4288 235 4327 en
250 4272 325 4344 quoi
338 4288 374 4328 ce
387 4272 488 4345 grand
501 4272 623 4344 peintre
646 4288 667 4327 a
691 4272 739 4329 ete
760 4273 963 4329 merveilleux
977 4274 1097 4331 d’avoir
1111 4277 1252 4349 toujours
1265 4276 1294 4331 si

59 4372 137 4428 bien
150 4368 279 4441 dispose
292 4385 344 4425 ses
358 4370 474 4443 figures
489 4377 521 4426 et
533 4370 591 4427 fait
604 4388 647 4425 un
671 4369 697 4425 si
711 4370 794 4426 beau
815 4370 908 4426 choix
929 4370 969 4428 de
987 4380 1056 4428 tout
1076 4388 1112 4429 ce
1130 4373 1184 4445 qui
1208 4380 1293 4429 entre

60 4469 144 4525 dans
160 4467 190 4521 la
206 4467 412 4539 composition
423 4466 464 4523 de
477 4483 529 4523 ses
543 4483 699 4540 ouvrages
715 4483 775 4540 que
790 4467 852 4522 Ιόῃ
865 4468 917 4539 n'y
931 4468 997 4524 voit
1011 4469 1077 4525 rien
1097 4469 1152 4541 qui
1171 4485 1210 4525 ne
1232 4469 1293 4525 soit

61 4567 155 4624 d'une
168 4565 283 4621 beaute
295 4564 464 4638 singuliere
478 4573 509 4621 et
520 4565 601 4621 dens
616 4565 672 4621 des
688 4572 815 4638 aspects
828 4566 893 4620 tres
905 4566 1080 4638 agreables.
1098 4586 1111 4617 a
1125 4566 1291 4639 (Felibien.

63 4662 222 4737 Septieme
234 4662 441 4735 coniereuce).
